%YAML 1.1
%TAG !u! tag:unity3d.com,2011:
--- !u!29 &1
OcclusionCullingSettings:
  m_ObjectHideFlags: 0
  serializedVersion: 2
  m_OcclusionBakeSettings:
    smallestOccluder: 5
    smallestHole: 0.25
    backfaceThreshold: 100
  m_SceneGUID: 00000000000000000000000000000000
  m_OcclusionCullingData: {fileID: 0}
--- !u!104 &2
RenderSettings:
  m_ObjectHideFlags: 0
  serializedVersion: 9
  m_Fog: 0
  m_FogColor: {r: 0.5, g: 0.5, b: 0.5, a: 1}
  m_FogMode: 3
  m_FogDensity: 0.01
  m_LinearFogStart: 0
  m_LinearFogEnd: 300
  m_AmbientSkyColor: {r: 0.212, g: 0.227, b: 0.259, a: 1}
  m_AmbientEquatorColor: {r: 0.114, g: 0.125, b: 0.133, a: 1}
  m_AmbientGroundColor: {r: 0.047, g: 0.043, b: 0.035, a: 1}
  m_AmbientIntensity: 1
  m_AmbientMode: 0
  m_SubtractiveShadowColor: {r: 0.42, g: 0.478, b: 0.627, a: 1}
  m_SkyboxMaterial: {fileID: 10304, guid: 0000000000000000f000000000000000, type: 0}
  m_HaloStrength: 0.5
  m_FlareStrength: 1
  m_FlareFadeSpeed: 3
  m_HaloTexture: {fileID: 0}
  m_SpotCookie: {fileID: 10001, guid: 0000000000000000e000000000000000, type: 0}
  m_DefaultReflectionMode: 0
  m_DefaultReflectionResolution: 128
  m_ReflectionBounces: 1
  m_ReflectionIntensity: 1
  m_CustomReflection: {fileID: 0}
  m_Sun: {fileID: 0}
  m_IndirectSpecularColor: {r: 0.17787416, g: 0.22270411, b: 0.3048442, a: 1}
  m_UseRadianceAmbientProbe: 0
--- !u!157 &3
LightmapSettings:
  m_ObjectHideFlags: 0
  serializedVersion: 12
  m_GIWorkflowMode: 1
  m_GISettings:
    serializedVersion: 2
    m_BounceScale: 1
    m_IndirectOutputScale: 1
    m_AlbedoBoost: 1
    m_EnvironmentLightingMode: 0
    m_EnableBakedLightmaps: 1
    m_EnableRealtimeLightmaps: 0
  m_LightmapEditorSettings:
    serializedVersion: 12
    m_Resolution: 2
    m_BakeResolution: 40
    m_AtlasSize: 1024
    m_AO: 0
    m_AOMaxDistance: 1
    m_CompAOExponent: 1
    m_CompAOExponentDirect: 0
    m_ExtractAmbientOcclusion: 0
    m_Padding: 2
    m_LightmapParameters: {fileID: 0}
    m_LightmapsBakeMode: 1
    m_TextureCompression: 1
    m_FinalGather: 0
    m_FinalGatherFiltering: 1
    m_FinalGatherRayCount: 256
    m_ReflectionCompression: 2
    m_MixedBakeMode: 2
    m_BakeBackend: 1
    m_PVRSampling: 1
    m_PVRDirectSampleCount: 32
    m_PVRSampleCount: 512
    m_PVRBounces: 2
    m_PVREnvironmentSampleCount: 256
    m_PVREnvironmentReferencePointCount: 2048
    m_PVRFilteringMode: 1
    m_PVRDenoiserTypeDirect: 1
    m_PVRDenoiserTypeIndirect: 1
    m_PVRDenoiserTypeAO: 1
    m_PVRFilterTypeDirect: 0
    m_PVRFilterTypeIndirect: 0
    m_PVRFilterTypeAO: 0
    m_PVREnvironmentMIS: 1
    m_PVRCulling: 1
    m_PVRFilteringGaussRadiusDirect: 1
    m_PVRFilteringGaussRadiusIndirect: 5
    m_PVRFilteringGaussRadiusAO: 2
    m_PVRFilteringAtrousPositionSigmaDirect: 0.5
    m_PVRFilteringAtrousPositionSigmaIndirect: 2
    m_PVRFilteringAtrousPositionSigmaAO: 1
    m_ExportTrainingData: 0
    m_TrainingDataDestination: TrainingData
    m_LightProbeSampleCountMultiplier: 4
  m_LightingDataAsset: {fileID: 0}
  m_LightingSettings: {fileID: 0}
--- !u!196 &4
NavMeshSettings:
  serializedVersion: 2
  m_ObjectHideFlags: 0
  m_BuildSettings:
    serializedVersion: 2
    agentTypeID: 0
    agentRadius: 0.5
    agentHeight: 2
    agentSlope: 45
    agentClimb: 0.4
    ledgeDropHeight: 0
    maxJumpAcrossDistance: 0
    minRegionArea: 2
    manualCellSize: 0
    cellSize: 0.16666667
    manualTileSize: 0
    tileSize: 256
    accuratePlacement: 0
    maxJobWorkers: 0
    preserveTilesOutsideBounds: 0
    debug:
      m_Flags: 0
  m_NavMeshData: {fileID: 0}
--- !u!1 &169157899
GameObject:
  m_ObjectHideFlags: 0
  m_CorrespondingSourceObject: {fileID: 0}
  m_PrefabInstance: {fileID: 0}
  m_PrefabAsset: {fileID: 0}
  serializedVersion: 6
  m_Component:
  - component: {fileID: 169157900}
  - component: {fileID: 169157901}
  m_Layer: 0
  m_Name: StopListener
  m_TagString: Untagged
  m_Icon: {fileID: 0}
  m_NavMeshLayer: 0
  m_StaticEditorFlags: 0
  m_IsActive: 1
--- !u!4 &169157900
Transform:
  m_ObjectHideFlags: 0
  m_CorrespondingSourceObject: {fileID: 0}
  m_PrefabInstance: {fileID: 0}
  m_PrefabAsset: {fileID: 0}
  m_GameObject: {fileID: 169157899}
  m_LocalRotation: {x: 0, y: 0, z: 0, w: 1}
  m_LocalPosition: {x: 0, y: 0, z: 0}
  m_LocalScale: {x: 1, y: 1, z: 1}
  m_ConstrainProportionsScale: 0
  m_Children: []
  m_Father: {fileID: 1858069951}
  m_RootOrder: -1
  m_LocalEulerAnglesHint: {x: 0, y: 0, z: 0}
--- !u!114 &169157901
MonoBehaviour:
  m_ObjectHideFlags: 0
  m_CorrespondingSourceObject: {fileID: 0}
  m_PrefabInstance: {fileID: 0}
  m_PrefabAsset: {fileID: 0}
  m_GameObject: {fileID: 169157899}
  m_Enabled: 1
  m_EditorHideFlags: 0
  m_Script: {fileID: 11500000, guid: 167376cc1a000b642876cbed5db29232, type: 3}
  m_Name: 
  m_EditorClassIdentifier: 
  m_event: {fileID: 11400000, guid: 6228df97b0b8f58489a1fcbb32ef43ea, type: 2}
  m_listeners:
    m_PersistentCalls:
      m_Calls:
      - m_Target: {fileID: 11400000, guid: 275f02e6618415442b02904010457130, type: 2}
        m_TargetAssemblyTypeName: ModelAnimatorController, Assembly-CSharp
        m_MethodName: ReleaseBuffers
        m_Mode: 1
        m_Arguments:
          m_ObjectArgument: {fileID: 0}
          m_ObjectArgumentAssemblyTypeName: UnityEngine.Object, UnityEngine
          m_IntArgument: 0
          m_FloatArgument: 0
          m_StringArgument: 
          m_BoolArgument: 0
        m_CallState: 2
      - m_Target: {fileID: 11400000, guid: c11ab5de9eb62b74d9921edeed86abb4, type: 2}
        m_TargetAssemblyTypeName: ModelAnimatorController, Assembly-CSharp
        m_MethodName: ReleaseBuffers
        m_Mode: 1
        m_Arguments:
          m_ObjectArgument: {fileID: 0}
          m_ObjectArgumentAssemblyTypeName: UnityEngine.Object, UnityEngine
          m_IntArgument: 0
          m_FloatArgument: 0
          m_StringArgument: 
          m_BoolArgument: 0
        m_CallState: 2
      - m_Target: {fileID: 11400000, guid: f61eda477eec07c45aa6f69874085d21, type: 2}
        m_TargetAssemblyTypeName: ModelAnimatorController, Assembly-CSharp
        m_MethodName: ReleaseBuffers
        m_Mode: 1
        m_Arguments:
          m_ObjectArgument: {fileID: 0}
          m_ObjectArgumentAssemblyTypeName: UnityEngine.Object, UnityEngine
          m_IntArgument: 0
          m_FloatArgument: 0
          m_StringArgument: 
          m_BoolArgument: 0
        m_CallState: 2
      - m_Target: {fileID: 11400000, guid: e9aa8bb1ca5c4d74a8d13ba08ef83a73, type: 2}
        m_TargetAssemblyTypeName: ModelAnimatorController, Assembly-CSharp
        m_MethodName: ReleaseBuffers
        m_Mode: 1
        m_Arguments:
          m_ObjectArgument: {fileID: 0}
          m_ObjectArgumentAssemblyTypeName: UnityEngine.Object, UnityEngine
          m_IntArgument: 0
          m_FloatArgument: 0
          m_StringArgument: 
          m_BoolArgument: 0
        m_CallState: 2
      - m_Target: {fileID: 11400000, guid: 26daaa2e4f70275429a0b2eb8c9c8e5b, type: 2}
        m_TargetAssemblyTypeName: ModelAnimatorController, Assembly-CSharp
        m_MethodName: ReleaseBuffers
        m_Mode: 1
        m_Arguments:
          m_ObjectArgument: {fileID: 0}
          m_ObjectArgumentAssemblyTypeName: UnityEngine.Object, UnityEngine
          m_IntArgument: 0
          m_FloatArgument: 0
          m_StringArgument: 
          m_BoolArgument: 0
        m_CallState: 2
      - m_Target: {fileID: 11400000, guid: 11682c17334c6594395cb68176b109f5, type: 2}
        m_TargetAssemblyTypeName: ModelAnimatorController, Assembly-CSharp
        m_MethodName: ReleaseBuffers
        m_Mode: 1
        m_Arguments:
          m_ObjectArgument: {fileID: 0}
          m_ObjectArgumentAssemblyTypeName: UnityEngine.Object, UnityEngine
          m_IntArgument: 0
          m_FloatArgument: 0
          m_StringArgument: 
          m_BoolArgument: 0
        m_CallState: 2
      - m_Target: {fileID: 11400000, guid: 64176241515a2534aa5021534274a452, type: 2}
        m_TargetAssemblyTypeName: ModelAnimatorController, Assembly-CSharp
        m_MethodName: ReleaseBuffers
        m_Mode: 1
        m_Arguments:
          m_ObjectArgument: {fileID: 0}
          m_ObjectArgumentAssemblyTypeName: UnityEngine.Object, UnityEngine
          m_IntArgument: 0
          m_FloatArgument: 0
          m_StringArgument: 
          m_BoolArgument: 0
        m_CallState: 2
      - m_Target: {fileID: 11400000, guid: 5d6e38e81f2e80b4398520ddeb3bfc9c, type: 2}
        m_TargetAssemblyTypeName: ModelAnimatorController, Assembly-CSharp
        m_MethodName: ReleaseBuffers
        m_Mode: 1
        m_Arguments:
          m_ObjectArgument: {fileID: 0}
          m_ObjectArgumentAssemblyTypeName: UnityEngine.Object, UnityEngine
          m_IntArgument: 0
          m_FloatArgument: 0
          m_StringArgument: 
          m_BoolArgument: 0
        m_CallState: 2
--- !u!1001 &316559950
PrefabInstance:
  m_ObjectHideFlags: 0
  serializedVersion: 2
  m_Modification:
    serializedVersion: 2
    m_TransformParent: {fileID: 0}
    m_Modifications:
    - target: {fileID: 7006310257061031673, guid: 449547b66cdf8a244b3977bfc6afc919, type: 3}
      propertyPath: m_RootOrder
      value: 15
      objectReference: {fileID: 0}
    - target: {fileID: 7006310257061031673, guid: 449547b66cdf8a244b3977bfc6afc919, type: 3}
      propertyPath: m_LocalPosition.x
      value: 1.605
      objectReference: {fileID: 0}
    - target: {fileID: 7006310257061031673, guid: 449547b66cdf8a244b3977bfc6afc919, type: 3}
      propertyPath: m_LocalPosition.y
      value: 0
      objectReference: {fileID: 0}
    - target: {fileID: 7006310257061031673, guid: 449547b66cdf8a244b3977bfc6afc919, type: 3}
      propertyPath: m_LocalPosition.z
      value: 0
      objectReference: {fileID: 0}
    - target: {fileID: 7006310257061031673, guid: 449547b66cdf8a244b3977bfc6afc919, type: 3}
      propertyPath: m_LocalRotation.w
      value: 1
      objectReference: {fileID: 0}
    - target: {fileID: 7006310257061031673, guid: 449547b66cdf8a244b3977bfc6afc919, type: 3}
      propertyPath: m_LocalRotation.x
      value: 0
      objectReference: {fileID: 0}
    - target: {fileID: 7006310257061031673, guid: 449547b66cdf8a244b3977bfc6afc919, type: 3}
      propertyPath: m_LocalRotation.y
      value: 0
      objectReference: {fileID: 0}
    - target: {fileID: 7006310257061031673, guid: 449547b66cdf8a244b3977bfc6afc919, type: 3}
      propertyPath: m_LocalRotation.z
      value: 0
      objectReference: {fileID: 0}
    - target: {fileID: 7006310257061031673, guid: 449547b66cdf8a244b3977bfc6afc919, type: 3}
      propertyPath: m_LocalEulerAnglesHint.x
      value: 0
      objectReference: {fileID: 0}
    - target: {fileID: 7006310257061031673, guid: 449547b66cdf8a244b3977bfc6afc919, type: 3}
      propertyPath: m_LocalEulerAnglesHint.y
      value: 0
      objectReference: {fileID: 0}
    - target: {fileID: 7006310257061031673, guid: 449547b66cdf8a244b3977bfc6afc919, type: 3}
      propertyPath: m_LocalEulerAnglesHint.z
      value: 0
      objectReference: {fileID: 0}
    - target: {fileID: 8797346567050417397, guid: 449547b66cdf8a244b3977bfc6afc919, type: 3}
      propertyPath: m_Name
      value: Troll
      objectReference: {fileID: 0}
    m_RemovedComponents: []
    m_AddedGameObjects: []
  m_SourcePrefab: {fileID: 100100000, guid: 449547b66cdf8a244b3977bfc6afc919, type: 3}
--- !u!1 &364866688
GameObject:
  m_ObjectHideFlags: 0
  m_CorrespondingSourceObject: {fileID: 0}
  m_PrefabInstance: {fileID: 0}
  m_PrefabAsset: {fileID: 0}
  serializedVersion: 6
  m_Component:
  - component: {fileID: 364866689}
  - component: {fileID: 364866690}
  m_Layer: 0
  m_Name: PlayListener
  m_TagString: Untagged
  m_Icon: {fileID: 0}
  m_NavMeshLayer: 0
  m_StaticEditorFlags: 0
  m_IsActive: 1
--- !u!4 &364866689
Transform:
  m_ObjectHideFlags: 0
  m_CorrespondingSourceObject: {fileID: 0}
  m_PrefabInstance: {fileID: 0}
  m_PrefabAsset: {fileID: 0}
  m_GameObject: {fileID: 364866688}
  m_LocalRotation: {x: 0, y: 0, z: 0, w: 1}
  m_LocalPosition: {x: 0, y: 0, z: 0}
  m_LocalScale: {x: 1, y: 1, z: 1}
  m_ConstrainProportionsScale: 0
  m_Children: []
  m_Father: {fileID: 1858069951}
  m_RootOrder: -1
  m_LocalEulerAnglesHint: {x: 0, y: 0, z: 0}
--- !u!114 &364866690
MonoBehaviour:
  m_ObjectHideFlags: 0
  m_CorrespondingSourceObject: {fileID: 0}
  m_PrefabInstance: {fileID: 0}
  m_PrefabAsset: {fileID: 0}
  m_GameObject: {fileID: 364866688}
  m_Enabled: 1
  m_EditorHideFlags: 0
  m_Script: {fileID: 11500000, guid: 167376cc1a000b642876cbed5db29232, type: 3}
  m_Name: 
  m_EditorClassIdentifier: 
  m_event: {fileID: 11400000, guid: 2bb8f10997e0eff4babe7a9cb97786d3, type: 2}
  m_listeners:
    m_PersistentCalls:
      m_Calls:
      - m_Target: {fileID: 11400000, guid: 275f02e6618415442b02904010457130, type: 2}
        m_TargetAssemblyTypeName: ModelAnimatorController, Assembly-CSharp
        m_MethodName: InitMaterials
        m_Mode: 1
        m_Arguments:
          m_ObjectArgument: {fileID: 0}
          m_ObjectArgumentAssemblyTypeName: UnityEngine.Object, UnityEngine
          m_IntArgument: 0
          m_FloatArgument: 0
          m_StringArgument: 
          m_BoolArgument: 0
        m_CallState: 2
      - m_Target: {fileID: 11400000, guid: c11ab5de9eb62b74d9921edeed86abb4, type: 2}
        m_TargetAssemblyTypeName: ModelAnimatorController, Assembly-CSharp
        m_MethodName: InitMaterials
        m_Mode: 1
        m_Arguments:
          m_ObjectArgument: {fileID: 0}
          m_ObjectArgumentAssemblyTypeName: UnityEngine.Object, UnityEngine
          m_IntArgument: 0
          m_FloatArgument: 0
          m_StringArgument: 
          m_BoolArgument: 0
        m_CallState: 2
      - m_Target: {fileID: 11400000, guid: f61eda477eec07c45aa6f69874085d21, type: 2}
        m_TargetAssemblyTypeName: ModelAnimatorController, Assembly-CSharp
        m_MethodName: InitMaterials
        m_Mode: 1
        m_Arguments:
          m_ObjectArgument: {fileID: 0}
          m_ObjectArgumentAssemblyTypeName: UnityEngine.Object, UnityEngine
          m_IntArgument: 0
          m_FloatArgument: 0
          m_StringArgument: 
          m_BoolArgument: 0
        m_CallState: 2
      - m_Target: {fileID: 11400000, guid: e9aa8bb1ca5c4d74a8d13ba08ef83a73, type: 2}
        m_TargetAssemblyTypeName: ModelAnimatorController, Assembly-CSharp
        m_MethodName: InitMaterials
        m_Mode: 1
        m_Arguments:
          m_ObjectArgument: {fileID: 0}
          m_ObjectArgumentAssemblyTypeName: UnityEngine.Object, UnityEngine
          m_IntArgument: 0
          m_FloatArgument: 0
          m_StringArgument: 
          m_BoolArgument: 0
        m_CallState: 2
      - m_Target: {fileID: 11400000, guid: 26daaa2e4f70275429a0b2eb8c9c8e5b, type: 2}
        m_TargetAssemblyTypeName: ModelAnimatorController, Assembly-CSharp
        m_MethodName: InitMaterials
        m_Mode: 1
        m_Arguments:
          m_ObjectArgument: {fileID: 0}
          m_ObjectArgumentAssemblyTypeName: UnityEngine.Object, UnityEngine
          m_IntArgument: 0
          m_FloatArgument: 0
          m_StringArgument: 
          m_BoolArgument: 0
        m_CallState: 2
      - m_Target: {fileID: 11400000, guid: 11682c17334c6594395cb68176b109f5, type: 2}
        m_TargetAssemblyTypeName: ModelAnimatorController, Assembly-CSharp
        m_MethodName: InitMaterials
        m_Mode: 1
        m_Arguments:
          m_ObjectArgument: {fileID: 0}
          m_ObjectArgumentAssemblyTypeName: UnityEngine.Object, UnityEngine
          m_IntArgument: 0
          m_FloatArgument: 0
          m_StringArgument: 
          m_BoolArgument: 0
        m_CallState: 2
      - m_Target: {fileID: 11400000, guid: 64176241515a2534aa5021534274a452, type: 2}
        m_TargetAssemblyTypeName: ModelAnimatorController, Assembly-CSharp
        m_MethodName: InitMaterials
        m_Mode: 1
        m_Arguments:
          m_ObjectArgument: {fileID: 0}
          m_ObjectArgumentAssemblyTypeName: UnityEngine.Object, UnityEngine
          m_IntArgument: 0
          m_FloatArgument: 0
          m_StringArgument: 
          m_BoolArgument: 0
        m_CallState: 2
      - m_Target: {fileID: 11400000, guid: 5d6e38e81f2e80b4398520ddeb3bfc9c, type: 2}
        m_TargetAssemblyTypeName: ModelAnimatorController, Assembly-CSharp
        m_MethodName: InitMaterials
        m_Mode: 1
        m_Arguments:
          m_ObjectArgument: {fileID: 0}
          m_ObjectArgumentAssemblyTypeName: UnityEngine.Object, UnityEngine
          m_IntArgument: 0
          m_FloatArgument: 0
          m_StringArgument: 
          m_BoolArgument: 0
        m_CallState: 2
--- !u!1001 &642435816
PrefabInstance:
  m_ObjectHideFlags: 0
  serializedVersion: 2
  m_Modification:
    serializedVersion: 2
    m_TransformParent: {fileID: 0}
    m_Modifications:
    - target: {fileID: 1268991357645141678, guid: 0932748b32bfb744996260e308d83b1b, type: 3}
      propertyPath: m_RootOrder
      value: 22
      objectReference: {fileID: 0}
    - target: {fileID: 1268991357645141678, guid: 0932748b32bfb744996260e308d83b1b, type: 3}
      propertyPath: m_LocalPosition.x
      value: -7.15
      objectReference: {fileID: 0}
    - target: {fileID: 1268991357645141678, guid: 0932748b32bfb744996260e308d83b1b, type: 3}
      propertyPath: m_LocalPosition.y
      value: 0
      objectReference: {fileID: 0}
    - target: {fileID: 1268991357645141678, guid: 0932748b32bfb744996260e308d83b1b, type: 3}
      propertyPath: m_LocalPosition.z
      value: 0
      objectReference: {fileID: 0}
    - target: {fileID: 1268991357645141678, guid: 0932748b32bfb744996260e308d83b1b, type: 3}
      propertyPath: m_LocalRotation.w
      value: 1
      objectReference: {fileID: 0}
    - target: {fileID: 1268991357645141678, guid: 0932748b32bfb744996260e308d83b1b, type: 3}
      propertyPath: m_LocalRotation.x
      value: 0
      objectReference: {fileID: 0}
    - target: {fileID: 1268991357645141678, guid: 0932748b32bfb744996260e308d83b1b, type: 3}
      propertyPath: m_LocalRotation.y
      value: 0
      objectReference: {fileID: 0}
    - target: {fileID: 1268991357645141678, guid: 0932748b32bfb744996260e308d83b1b, type: 3}
      propertyPath: m_LocalRotation.z
      value: 0
      objectReference: {fileID: 0}
    - target: {fileID: 1268991357645141678, guid: 0932748b32bfb744996260e308d83b1b, type: 3}
      propertyPath: m_LocalEulerAnglesHint.x
      value: 0
      objectReference: {fileID: 0}
    - target: {fileID: 1268991357645141678, guid: 0932748b32bfb744996260e308d83b1b, type: 3}
      propertyPath: m_LocalEulerAnglesHint.y
      value: 0
      objectReference: {fileID: 0}
    - target: {fileID: 1268991357645141678, guid: 0932748b32bfb744996260e308d83b1b, type: 3}
      propertyPath: m_LocalEulerAnglesHint.z
      value: 0
      objectReference: {fileID: 0}
    - target: {fileID: 4982508632293249061, guid: 0932748b32bfb744996260e308d83b1b, type: 3}
      propertyPath: m_Name
      value: monster_orc (1)
      objectReference: {fileID: 0}
    m_RemovedComponents: []
    m_AddedGameObjects: []
  m_SourcePrefab: {fileID: 100100000, guid: 0932748b32bfb744996260e308d83b1b, type: 3}
--- !u!1001 &920588820
PrefabInstance:
  m_ObjectHideFlags: 0
  serializedVersion: 2
  m_Modification:
    serializedVersion: 2
    m_TransformParent: {fileID: 0}
    m_Modifications:
    - target: {fileID: 4783683442331286981, guid: 95f75a7d2d431564180d401fca404da3, type: 3}
      propertyPath: m_Name
      value: Monster
      objectReference: {fileID: 0}
    - target: {fileID: 5945659764972466732, guid: 95f75a7d2d431564180d401fca404da3, type: 3}
      propertyPath: m_RootOrder
      value: 20
      objectReference: {fileID: 0}
    - target: {fileID: 5945659764972466732, guid: 95f75a7d2d431564180d401fca404da3, type: 3}
      propertyPath: m_LocalPosition.x
      value: -3.91
      objectReference: {fileID: 0}
    - target: {fileID: 5945659764972466732, guid: 95f75a7d2d431564180d401fca404da3, type: 3}
      propertyPath: m_LocalPosition.y
      value: 0
      objectReference: {fileID: 0}
    - target: {fileID: 5945659764972466732, guid: 95f75a7d2d431564180d401fca404da3, type: 3}
      propertyPath: m_LocalPosition.z
      value: 0
      objectReference: {fileID: 0}
    - target: {fileID: 5945659764972466732, guid: 95f75a7d2d431564180d401fca404da3, type: 3}
      propertyPath: m_LocalRotation.w
      value: 1
      objectReference: {fileID: 0}
    - target: {fileID: 5945659764972466732, guid: 95f75a7d2d431564180d401fca404da3, type: 3}
      propertyPath: m_LocalRotation.x
      value: 0
      objectReference: {fileID: 0}
    - target: {fileID: 5945659764972466732, guid: 95f75a7d2d431564180d401fca404da3, type: 3}
      propertyPath: m_LocalRotation.y
      value: 0
      objectReference: {fileID: 0}
    - target: {fileID: 5945659764972466732, guid: 95f75a7d2d431564180d401fca404da3, type: 3}
      propertyPath: m_LocalRotation.z
      value: 0
      objectReference: {fileID: 0}
    - target: {fileID: 5945659764972466732, guid: 95f75a7d2d431564180d401fca404da3, type: 3}
      propertyPath: m_LocalEulerAnglesHint.x
      value: 0
      objectReference: {fileID: 0}
    - target: {fileID: 5945659764972466732, guid: 95f75a7d2d431564180d401fca404da3, type: 3}
      propertyPath: m_LocalEulerAnglesHint.y
      value: 0
      objectReference: {fileID: 0}
    - target: {fileID: 5945659764972466732, guid: 95f75a7d2d431564180d401fca404da3, type: 3}
      propertyPath: m_LocalEulerAnglesHint.z
      value: 0
      objectReference: {fileID: 0}
    m_RemovedComponents: []
    m_AddedGameObjects: []
  m_SourcePrefab: {fileID: 100100000, guid: 95f75a7d2d431564180d401fca404da3, type: 3}
--- !u!1 &1019895172
GameObject:
  m_ObjectHideFlags: 0
  m_CorrespondingSourceObject: {fileID: 0}
  m_PrefabInstance: {fileID: 0}
  m_PrefabAsset: {fileID: 0}
  serializedVersion: 6
  m_Component:
  - component: {fileID: 1019895174}
  - component: {fileID: 1019895173}
  - component: {fileID: 1019895175}
  m_Layer: 0
  m_Name: Directional Light
  m_TagString: Untagged
  m_Icon: {fileID: 0}
  m_NavMeshLayer: 0
  m_StaticEditorFlags: 0
  m_IsActive: 1
--- !u!108 &1019895173
Light:
  m_ObjectHideFlags: 0
  m_CorrespondingSourceObject: {fileID: 0}
  m_PrefabInstance: {fileID: 0}
  m_PrefabAsset: {fileID: 0}
  m_GameObject: {fileID: 1019895172}
  m_Enabled: 1
  serializedVersion: 10
  m_Type: 1
  m_Shape: 0
  m_Color: {r: 1, g: 0.95686275, b: 0.8392157, a: 1}
  m_Intensity: 1
  m_Range: 10
  m_SpotAngle: 30
  m_InnerSpotAngle: 21.80208
  m_CookieSize: 10
  m_Shadows:
    m_Type: 2
    m_Resolution: -1
    m_CustomResolution: -1
    m_Strength: 1
    m_Bias: 0.05
    m_NormalBias: 0.4
    m_NearPlane: 0.2
    m_CullingMatrixOverride:
      e00: 1
      e01: 0
      e02: 0
      e03: 0
      e10: 0
      e11: 1
      e12: 0
      e13: 0
      e20: 0
      e21: 0
      e22: 1
      e23: 0
      e30: 0
      e31: 0
      e32: 0
      e33: 1
    m_UseCullingMatrixOverride: 0
  m_Cookie: {fileID: 0}
  m_DrawHalo: 0
  m_Flare: {fileID: 0}
  m_RenderMode: 0
  m_CullingMask:
    serializedVersion: 2
    m_Bits: 4294967295
  m_RenderingLayerMask: 1
  m_Lightmapping: 4
  m_LightShadowCasterMode: 0
  m_AreaSize: {x: 1, y: 1}
  m_BounceIntensity: 1
  m_ColorTemperature: 6570
  m_UseColorTemperature: 0
  m_BoundingSphereOverride: {x: 0, y: 0, z: 0, w: 0}
  m_UseBoundingSphereOverride: 0
  m_UseViewFrustumForShadowCasterCull: 1
  m_ShadowRadius: 0
  m_ShadowAngle: 0
--- !u!4 &1019895174
Transform:
  m_ObjectHideFlags: 0
  m_CorrespondingSourceObject: {fileID: 0}
  m_PrefabInstance: {fileID: 0}
  m_PrefabAsset: {fileID: 0}
  m_GameObject: {fileID: 1019895172}
  m_LocalRotation: {x: 0.7973961, y: -0.25756553, z: -0.025444228, w: 0.54513484}
  m_LocalPosition: {x: 0, y: 3, z: 0}
  m_LocalScale: {x: 1, y: 1, z: 1}
  m_ConstrainProportionsScale: 0
  m_Children: []
  m_Father: {fileID: 0}
  m_RootOrder: 1
  m_LocalEulerAnglesHint: {x: 58.9, y: -141.522, z: -121.903}
--- !u!114 &1019895175
MonoBehaviour:
  m_ObjectHideFlags: 0
  m_CorrespondingSourceObject: {fileID: 0}
  m_PrefabInstance: {fileID: 0}
  m_PrefabAsset: {fileID: 0}
  m_GameObject: {fileID: 1019895172}
  m_Enabled: 1
  m_EditorHideFlags: 0
  m_Script: {fileID: 11500000, guid: 474bcb49853aa07438625e644c072ee6, type: 3}
  m_Name: 
  m_EditorClassIdentifier: 
  m_Version: 1
  m_UsePipelineSettings: 1
  m_AdditionalLightsShadowResolutionTier: 2
  m_LightLayerMask: 1
  m_CustomShadowLayers: 0
  m_ShadowLayerMask: 1
  m_LightCookieSize: {x: 1, y: 1}
  m_LightCookieOffset: {x: 0, y: 0}
--- !u!1001 &1259672887
PrefabInstance:
  m_ObjectHideFlags: 0
  serializedVersion: 2
  m_Modification:
    serializedVersion: 2
    m_TransformParent: {fileID: 0}
    m_Modifications:
    - target: {fileID: 4498297017814855620, guid: d85d0a87fb3618c469dc785df1d34719, type: 3}
      propertyPath: m_Name
      value: EarthGolem_low (1)
      objectReference: {fileID: 0}
    - target: {fileID: 7977092006911413777, guid: d85d0a87fb3618c469dc785df1d34719, type: 3}
      propertyPath: m_LocalScale.x
      value: 0.1
      objectReference: {fileID: 0}
    - target: {fileID: 7977092006911413777, guid: d85d0a87fb3618c469dc785df1d34719, type: 3}
      propertyPath: m_LocalScale.y
      value: 0.1
      objectReference: {fileID: 0}
    - target: {fileID: 7977092006911413777, guid: d85d0a87fb3618c469dc785df1d34719, type: 3}
      propertyPath: m_LocalScale.z
      value: 0.1
      objectReference: {fileID: 0}
    - target: {fileID: 8765902810605711314, guid: d85d0a87fb3618c469dc785df1d34719, type: 3}
      propertyPath: m_RootOrder
      value: 17
      objectReference: {fileID: 0}
    - target: {fileID: 8765902810605711314, guid: d85d0a87fb3618c469dc785df1d34719, type: 3}
      propertyPath: m_LocalPosition.x
      value: -2.6
      objectReference: {fileID: 0}
    - target: {fileID: 8765902810605711314, guid: d85d0a87fb3618c469dc785df1d34719, type: 3}
      propertyPath: m_LocalPosition.y
      value: 0
      objectReference: {fileID: 0}
    - target: {fileID: 8765902810605711314, guid: d85d0a87fb3618c469dc785df1d34719, type: 3}
      propertyPath: m_LocalPosition.z
      value: 0
      objectReference: {fileID: 0}
    - target: {fileID: 8765902810605711314, guid: d85d0a87fb3618c469dc785df1d34719, type: 3}
      propertyPath: m_LocalRotation.w
      value: 1
      objectReference: {fileID: 0}
    - target: {fileID: 8765902810605711314, guid: d85d0a87fb3618c469dc785df1d34719, type: 3}
      propertyPath: m_LocalRotation.x
      value: 0
      objectReference: {fileID: 0}
    - target: {fileID: 8765902810605711314, guid: d85d0a87fb3618c469dc785df1d34719, type: 3}
      propertyPath: m_LocalRotation.y
      value: 0
      objectReference: {fileID: 0}
    - target: {fileID: 8765902810605711314, guid: d85d0a87fb3618c469dc785df1d34719, type: 3}
      propertyPath: m_LocalRotation.z
      value: 0
      objectReference: {fileID: 0}
    - target: {fileID: 8765902810605711314, guid: d85d0a87fb3618c469dc785df1d34719, type: 3}
      propertyPath: m_LocalEulerAnglesHint.x
      value: 0
      objectReference: {fileID: 0}
    - target: {fileID: 8765902810605711314, guid: d85d0a87fb3618c469dc785df1d34719, type: 3}
      propertyPath: m_LocalEulerAnglesHint.y
      value: 0
      objectReference: {fileID: 0}
    - target: {fileID: 8765902810605711314, guid: d85d0a87fb3618c469dc785df1d34719, type: 3}
      propertyPath: m_LocalEulerAnglesHint.z
      value: 0
      objectReference: {fileID: 0}
    m_RemovedComponents: []
    m_AddedGameObjects: []
  m_SourcePrefab: {fileID: 100100000, guid: d85d0a87fb3618c469dc785df1d34719, type: 3}
--- !u!1 &1274415487
GameObject:
  m_ObjectHideFlags: 0
  m_CorrespondingSourceObject: {fileID: 0}
  m_PrefabInstance: {fileID: 0}
  m_PrefabAsset: {fileID: 0}
  serializedVersion: 6
  m_Component:
  - component: {fileID: 1274415491}
  - component: {fileID: 1274415490}
  - component: {fileID: 1274415489}
  - component: {fileID: 1274415488}
  m_Layer: 0
  m_Name: Plane
  m_TagString: Untagged
  m_Icon: {fileID: 0}
  m_NavMeshLayer: 0
  m_StaticEditorFlags: 0
  m_IsActive: 1
--- !u!64 &1274415488
MeshCollider:
  m_ObjectHideFlags: 0
  m_CorrespondingSourceObject: {fileID: 0}
  m_PrefabInstance: {fileID: 0}
  m_PrefabAsset: {fileID: 0}
  m_GameObject: {fileID: 1274415487}
  m_Material: {fileID: 0}
  m_IsTrigger: 0
  m_Enabled: 1
  serializedVersion: 4
  m_Convex: 0
  m_CookingOptions: 30
  m_Mesh: {fileID: 10209, guid: 0000000000000000e000000000000000, type: 0}
--- !u!23 &1274415489
MeshRenderer:
  m_ObjectHideFlags: 0
  m_CorrespondingSourceObject: {fileID: 0}
  m_PrefabInstance: {fileID: 0}
  m_PrefabAsset: {fileID: 0}
  m_GameObject: {fileID: 1274415487}
  m_Enabled: 1
  m_CastShadows: 1
  m_ReceiveShadows: 1
  m_DynamicOccludee: 1
  m_StaticShadowCaster: 0
  m_MotionVectors: 1
  m_LightProbeUsage: 1
  m_ReflectionProbeUsage: 1
  m_RayTracingMode: 2
  m_RayTraceProcedural: 0
  m_RenderingLayerMask: 1
  m_RendererPriority: 0
  m_Materials:
  - {fileID: 2100000, guid: 31321ba15b8f8eb4c954353edc038b1d, type: 2}
  m_StaticBatchInfo:
    firstSubMesh: 0
    subMeshCount: 0
  m_StaticBatchRoot: {fileID: 0}
  m_ProbeAnchor: {fileID: 0}
  m_LightProbeVolumeOverride: {fileID: 0}
  m_ScaleInLightmap: 1
  m_ReceiveGI: 1
  m_PreserveUVs: 0
  m_IgnoreNormalsForChartDetection: 0
  m_ImportantGI: 0
  m_StitchLightmapSeams: 1
  m_SelectedEditorRenderState: 3
  m_MinimumChartSize: 4
  m_AutoUVMaxDistance: 0.5
  m_AutoUVMaxAngle: 89
  m_LightmapParameters: {fileID: 0}
  m_SortingLayerID: 0
  m_SortingLayer: 0
  m_SortingOrder: 0
  m_AdditionalVertexStreams: {fileID: 0}
--- !u!33 &1274415490
MeshFilter:
  m_ObjectHideFlags: 0
  m_CorrespondingSourceObject: {fileID: 0}
  m_PrefabInstance: {fileID: 0}
  m_PrefabAsset: {fileID: 0}
  m_GameObject: {fileID: 1274415487}
  m_Mesh: {fileID: 10209, guid: 0000000000000000e000000000000000, type: 0}
--- !u!4 &1274415491
Transform:
  m_ObjectHideFlags: 0
  m_CorrespondingSourceObject: {fileID: 0}
  m_PrefabInstance: {fileID: 0}
  m_PrefabAsset: {fileID: 0}
  m_GameObject: {fileID: 1274415487}
  m_LocalRotation: {x: 0, y: 0, z: 0, w: 1}
  m_LocalPosition: {x: 0, y: 0, z: 0}
  m_LocalScale: {x: 2, y: 2, z: 2}
  m_ConstrainProportionsScale: 0
  m_Children: []
  m_Father: {fileID: 0}
  m_RootOrder: 23
  m_LocalEulerAnglesHint: {x: 0, y: 0, z: 0}
--- !u!1001 &1315810834
PrefabInstance:
  m_ObjectHideFlags: 0
  serializedVersion: 2
  m_Modification:
    serializedVersion: 2
    m_TransformParent: {fileID: 0}
    m_Modifications:
    - target: {fileID: 3682885185708117329, guid: 06cde8acbaf67a0459c0fe81d5c8b936, type: 3}
      propertyPath: m_RootOrder
      value: 19
      objectReference: {fileID: 0}
    - target: {fileID: 3682885185708117329, guid: 06cde8acbaf67a0459c0fe81d5c8b936, type: 3}
      propertyPath: m_LocalPosition.x
      value: 3.08
      objectReference: {fileID: 0}
    - target: {fileID: 3682885185708117329, guid: 06cde8acbaf67a0459c0fe81d5c8b936, type: 3}
      propertyPath: m_LocalPosition.y
      value: 0
      objectReference: {fileID: 0}
    - target: {fileID: 3682885185708117329, guid: 06cde8acbaf67a0459c0fe81d5c8b936, type: 3}
      propertyPath: m_LocalPosition.z
      value: 0
      objectReference: {fileID: 0}
    - target: {fileID: 3682885185708117329, guid: 06cde8acbaf67a0459c0fe81d5c8b936, type: 3}
      propertyPath: m_LocalRotation.w
      value: 1
      objectReference: {fileID: 0}
    - target: {fileID: 3682885185708117329, guid: 06cde8acbaf67a0459c0fe81d5c8b936, type: 3}
      propertyPath: m_LocalRotation.x
      value: 0
      objectReference: {fileID: 0}
    - target: {fileID: 3682885185708117329, guid: 06cde8acbaf67a0459c0fe81d5c8b936, type: 3}
      propertyPath: m_LocalRotation.y
      value: 0
      objectReference: {fileID: 0}
    - target: {fileID: 3682885185708117329, guid: 06cde8acbaf67a0459c0fe81d5c8b936, type: 3}
      propertyPath: m_LocalRotation.z
      value: 0
      objectReference: {fileID: 0}
    - target: {fileID: 3682885185708117329, guid: 06cde8acbaf67a0459c0fe81d5c8b936, type: 3}
      propertyPath: m_LocalEulerAnglesHint.x
      value: 0
      objectReference: {fileID: 0}
    - target: {fileID: 3682885185708117329, guid: 06cde8acbaf67a0459c0fe81d5c8b936, type: 3}
      propertyPath: m_LocalEulerAnglesHint.y
      value: 0
      objectReference: {fileID: 0}
    - target: {fileID: 3682885185708117329, guid: 06cde8acbaf67a0459c0fe81d5c8b936, type: 3}
      propertyPath: m_LocalEulerAnglesHint.z
      value: 0
      objectReference: {fileID: 0}
    - target: {fileID: 4146567184011696432, guid: 06cde8acbaf67a0459c0fe81d5c8b936, type: 3}
      propertyPath: m_Name
      value: Ghoul@Animations
      objectReference: {fileID: 0}
    m_RemovedComponents: []
    m_AddedGameObjects: []
  m_SourcePrefab: {fileID: 100100000, guid: 06cde8acbaf67a0459c0fe81d5c8b936, type: 3}
--- !u!1 &1438756157
GameObject:
  m_ObjectHideFlags: 0
  m_CorrespondingSourceObject: {fileID: 0}
  m_PrefabInstance: {fileID: 0}
  m_PrefabAsset: {fileID: 0}
  serializedVersion: 6
  m_Component:
  - component: {fileID: 1438756160}
  - component: {fileID: 1438756159}
  - component: {fileID: 1438756158}
  m_Layer: 0
  m_Name: Main Camera
  m_TagString: MainCamera
  m_Icon: {fileID: 0}
  m_NavMeshLayer: 0
  m_StaticEditorFlags: 0
  m_IsActive: 1
--- !u!81 &1438756158
AudioListener:
  m_ObjectHideFlags: 0
  m_CorrespondingSourceObject: {fileID: 0}
  m_PrefabInstance: {fileID: 0}
  m_PrefabAsset: {fileID: 0}
  m_GameObject: {fileID: 1438756157}
  m_Enabled: 1
--- !u!20 &1438756159
Camera:
  m_ObjectHideFlags: 0
  m_CorrespondingSourceObject: {fileID: 0}
  m_PrefabInstance: {fileID: 0}
  m_PrefabAsset: {fileID: 0}
  m_GameObject: {fileID: 1438756157}
  m_Enabled: 1
  serializedVersion: 2
  m_ClearFlags: 1
  m_BackGroundColor: {r: 0.19215687, g: 0.3019608, b: 0.4745098, a: 0}
  m_projectionMatrixMode: 1
  m_GateFitMode: 2
  m_FOVAxisMode: 0
  m_SensorSize: {x: 36, y: 24}
  m_LensShift: {x: 0, y: 0}
  m_FocalLength: 50
  m_NormalizedViewPortRect:
    serializedVersion: 2
    x: 0
    y: 0
    width: 1
    height: 1
  near clip plane: 0.3
  far clip plane: 1000
  field of view: 60
  orthographic: 0
  orthographic size: 5
  m_Depth: -1
  m_CullingMask:
    serializedVersion: 2
    m_Bits: 4294967295
  m_RenderingPath: -1
  m_TargetTexture: {fileID: 0}
  m_TargetDisplay: 0
  m_TargetEye: 3
  m_HDR: 1
  m_AllowMSAA: 1
  m_AllowDynamicResolution: 0
  m_ForceIntoRT: 0
  m_OcclusionCulling: 1
  m_StereoConvergence: 10
  m_StereoSeparation: 0.022
--- !u!4 &1438756160
Transform:
  m_ObjectHideFlags: 0
  m_CorrespondingSourceObject: {fileID: 0}
  m_PrefabInstance: {fileID: 0}
  m_PrefabAsset: {fileID: 0}
  m_GameObject: {fileID: 1438756157}
  m_LocalRotation: {x: 0, y: 0, z: 0, w: 1}
  m_LocalPosition: {x: 0, y: 1, z: -10}
  m_LocalScale: {x: 1, y: 1, z: 1}
  m_ConstrainProportionsScale: 0
  m_Children: []
  m_Father: {fileID: 0}
  m_RootOrder: 0
  m_LocalEulerAnglesHint: {x: 0, y: 0, z: 0}
--- !u!1 &1471538109
GameObject:
  m_ObjectHideFlags: 0
  m_CorrespondingSourceObject: {fileID: 0}
  m_PrefabInstance: {fileID: 0}
  m_PrefabAsset: {fileID: 0}
  serializedVersion: 6
  m_Component:
  - component: {fileID: 1471538110}
  - component: {fileID: 1471538111}
  m_Layer: 0
  m_Name: EditorPlayStateDispatcher
  m_TagString: Untagged
  m_Icon: {fileID: 0}
  m_NavMeshLayer: 0
  m_StaticEditorFlags: 0
  m_IsActive: 1
--- !u!4 &1471538110
Transform:
  m_ObjectHideFlags: 0
  m_CorrespondingSourceObject: {fileID: 0}
  m_PrefabInstance: {fileID: 0}
  m_PrefabAsset: {fileID: 0}
  m_GameObject: {fileID: 1471538109}
  m_LocalRotation: {x: 0, y: 0, z: 0, w: 1}
  m_LocalPosition: {x: 0, y: 0, z: 0}
  m_LocalScale: {x: 1, y: 1, z: 1}
  m_ConstrainProportionsScale: 0
  m_Children: []
  m_Father: {fileID: 1858069951}
  m_RootOrder: -1
  m_LocalEulerAnglesHint: {x: 0, y: 0, z: 0}
--- !u!114 &1471538111
MonoBehaviour:
  m_ObjectHideFlags: 0
  m_CorrespondingSourceObject: {fileID: 0}
  m_PrefabInstance: {fileID: 0}
  m_PrefabAsset: {fileID: 0}
  m_GameObject: {fileID: 1471538109}
  m_Enabled: 1
  m_EditorHideFlags: 0
  m_Script: {fileID: 11500000, guid: 346addca266cdea4f87377b0afe3af9b, type: 3}
  m_Name: 
  m_EditorClassIdentifier: 
  m_OnEnteredEditMode:
    m_PersistentCalls:
      m_Calls:
      - m_Target: {fileID: 11400000, guid: 6228df97b0b8f58489a1fcbb32ef43ea, type: 2}
        m_TargetAssemblyTypeName: EmptyEvent, Assembly-CSharp
        m_MethodName: Dispatch
        m_Mode: 1
        m_Arguments:
          m_ObjectArgument: {fileID: 0}
          m_ObjectArgumentAssemblyTypeName: UnityEngine.Object, UnityEngine
          m_IntArgument: 0
          m_FloatArgument: 0
          m_StringArgument: 
          m_BoolArgument: 0
        m_CallState: 2
  m_OnEnteredPlayMode:
    m_PersistentCalls:
      m_Calls:
      - m_Target: {fileID: 11400000, guid: 2bb8f10997e0eff4babe7a9cb97786d3, type: 2}
        m_TargetAssemblyTypeName: EmptyEvent, Assembly-CSharp
        m_MethodName: Dispatch
        m_Mode: 1
        m_Arguments:
          m_ObjectArgument: {fileID: 0}
          m_ObjectArgumentAssemblyTypeName: UnityEngine.Object, UnityEngine
          m_IntArgument: 0
          m_FloatArgument: 0
          m_StringArgument: 
          m_BoolArgument: 0
        m_CallState: 2
  m_OnExitingEditMode:
    m_PersistentCalls:
      m_Calls: []
  m_OnExitingPlayMode:
    m_PersistentCalls:
      m_Calls: []
--- !u!1001 &1504504674
PrefabInstance:
  m_ObjectHideFlags: 0
  serializedVersion: 2
  m_Modification:
    serializedVersion: 2
    m_TransformParent: {fileID: 0}
    m_Modifications:
    - target: {fileID: 2342866589876611097, guid: a1ebab7754318704d9212eabac389e0d, type: 3}
      propertyPath: m_Name
      value: EarthbornTroll
      objectReference: {fileID: 0}
    - target: {fileID: 2342866589876611097, guid: a1ebab7754318704d9212eabac389e0d, type: 3}
      propertyPath: m_IsActive
      value: 0
      objectReference: {fileID: 0}
    - target: {fileID: 3154868762118304419, guid: a1ebab7754318704d9212eabac389e0d, type: 3}
      propertyPath: m_RootOrder
      value: 4
      objectReference: {fileID: 0}
    - target: {fileID: 3154868762118304419, guid: a1ebab7754318704d9212eabac389e0d, type: 3}
      propertyPath: m_LocalPosition.x
      value: 0
      objectReference: {fileID: 0}
    - target: {fileID: 3154868762118304419, guid: a1ebab7754318704d9212eabac389e0d, type: 3}
      propertyPath: m_LocalPosition.y
      value: 0
      objectReference: {fileID: 0}
    - target: {fileID: 3154868762118304419, guid: a1ebab7754318704d9212eabac389e0d, type: 3}
      propertyPath: m_LocalPosition.z
      value: 0
      objectReference: {fileID: 0}
    - target: {fileID: 3154868762118304419, guid: a1ebab7754318704d9212eabac389e0d, type: 3}
      propertyPath: m_LocalRotation.w
      value: 1
      objectReference: {fileID: 0}
    - target: {fileID: 3154868762118304419, guid: a1ebab7754318704d9212eabac389e0d, type: 3}
      propertyPath: m_LocalRotation.x
      value: 0
      objectReference: {fileID: 0}
    - target: {fileID: 3154868762118304419, guid: a1ebab7754318704d9212eabac389e0d, type: 3}
      propertyPath: m_LocalRotation.y
      value: 0
      objectReference: {fileID: 0}
    - target: {fileID: 3154868762118304419, guid: a1ebab7754318704d9212eabac389e0d, type: 3}
      propertyPath: m_LocalRotation.z
      value: 0
      objectReference: {fileID: 0}
    - target: {fileID: 3154868762118304419, guid: a1ebab7754318704d9212eabac389e0d, type: 3}
      propertyPath: m_LocalEulerAnglesHint.x
      value: 0
      objectReference: {fileID: 0}
    - target: {fileID: 3154868762118304419, guid: a1ebab7754318704d9212eabac389e0d, type: 3}
      propertyPath: m_LocalEulerAnglesHint.y
      value: 0
      objectReference: {fileID: 0}
    - target: {fileID: 3154868762118304419, guid: a1ebab7754318704d9212eabac389e0d, type: 3}
      propertyPath: m_LocalEulerAnglesHint.z
      value: 0
      objectReference: {fileID: 0}
    m_RemovedComponents: []
    m_AddedGameObjects: []
  m_SourcePrefab: {fileID: 100100000, guid: a1ebab7754318704d9212eabac389e0d, type: 3}
--- !u!1001 &1565156926
PrefabInstance:
  m_ObjectHideFlags: 0
  serializedVersion: 2
  m_Modification:
    serializedVersion: 2
    m_TransformParent: {fileID: 0}
    m_Modifications:
    - target: {fileID: 1753084195589720, guid: 4eea80dd98726bd48ae8ea123e840a9a, type: 3}
      propertyPath: m_RootOrder
      value: 16
      objectReference: {fileID: 0}
    - target: {fileID: 1753084195589720, guid: 4eea80dd98726bd48ae8ea123e840a9a, type: 3}
      propertyPath: m_LocalPosition.x
      value: 0
      objectReference: {fileID: 0}
    - target: {fileID: 1753084195589720, guid: 4eea80dd98726bd48ae8ea123e840a9a, type: 3}
      propertyPath: m_LocalPosition.y
      value: 0
      objectReference: {fileID: 0}
    - target: {fileID: 1753084195589720, guid: 4eea80dd98726bd48ae8ea123e840a9a, type: 3}
      propertyPath: m_LocalPosition.z
      value: 0
      objectReference: {fileID: 0}
    - target: {fileID: 1753084195589720, guid: 4eea80dd98726bd48ae8ea123e840a9a, type: 3}
      propertyPath: m_LocalRotation.w
      value: 1
      objectReference: {fileID: 0}
    - target: {fileID: 1753084195589720, guid: 4eea80dd98726bd48ae8ea123e840a9a, type: 3}
      propertyPath: m_LocalRotation.x
      value: 0
      objectReference: {fileID: 0}
    - target: {fileID: 1753084195589720, guid: 4eea80dd98726bd48ae8ea123e840a9a, type: 3}
      propertyPath: m_LocalRotation.y
      value: 0
      objectReference: {fileID: 0}
    - target: {fileID: 1753084195589720, guid: 4eea80dd98726bd48ae8ea123e840a9a, type: 3}
      propertyPath: m_LocalRotation.z
      value: 0
      objectReference: {fileID: 0}
    - target: {fileID: 1753084195589720, guid: 4eea80dd98726bd48ae8ea123e840a9a, type: 3}
      propertyPath: m_LocalEulerAnglesHint.x
      value: 0
      objectReference: {fileID: 0}
    - target: {fileID: 1753084195589720, guid: 4eea80dd98726bd48ae8ea123e840a9a, type: 3}
      propertyPath: m_LocalEulerAnglesHint.y
      value: 0
      objectReference: {fileID: 0}
    - target: {fileID: 1753084195589720, guid: 4eea80dd98726bd48ae8ea123e840a9a, type: 3}
      propertyPath: m_LocalEulerAnglesHint.z
      value: 0
      objectReference: {fileID: 0}
    - target: {fileID: 1376754089261950265, guid: 4eea80dd98726bd48ae8ea123e840a9a, type: 3}
      propertyPath: m_LocalScale.x
      value: 2
      objectReference: {fileID: 0}
    - target: {fileID: 1376754089261950265, guid: 4eea80dd98726bd48ae8ea123e840a9a, type: 3}
      propertyPath: m_LocalScale.y
      value: 2
      objectReference: {fileID: 0}
    - target: {fileID: 1376754089261950265, guid: 4eea80dd98726bd48ae8ea123e840a9a, type: 3}
      propertyPath: m_LocalScale.z
      value: 2
      objectReference: {fileID: 0}
    - target: {fileID: 7376381185477943930, guid: 4eea80dd98726bd48ae8ea123e840a9a, type: 3}
      propertyPath: m_Name
      value: Golem (1)
      objectReference: {fileID: 0}
    m_RemovedComponents: []
    m_AddedGameObjects: []
  m_SourcePrefab: {fileID: 100100000, guid: 4eea80dd98726bd48ae8ea123e840a9a, type: 3}
--- !u!1 &1844971068
GameObject:
  m_ObjectHideFlags: 0
  m_CorrespondingSourceObject: {fileID: 0}
  m_PrefabInstance: {fileID: 0}
  m_PrefabAsset: {fileID: 0}
  serializedVersion: 6
  m_Component:
  - component: {fileID: 1844971069}
  - component: {fileID: 1844971070}
  m_Layer: 0
  m_Name: SceneChangeStateDispatcher
  m_TagString: Untagged
  m_Icon: {fileID: 0}
  m_NavMeshLayer: 0
  m_StaticEditorFlags: 0
  m_IsActive: 1
--- !u!4 &1844971069
Transform:
  m_ObjectHideFlags: 0
  m_CorrespondingSourceObject: {fileID: 0}
  m_PrefabInstance: {fileID: 0}
  m_PrefabAsset: {fileID: 0}
  m_GameObject: {fileID: 1844971068}
  m_LocalRotation: {x: 0, y: 0, z: 0, w: 1}
  m_LocalPosition: {x: 0, y: 0, z: 0}
  m_LocalScale: {x: 1, y: 1, z: 1}
  m_ConstrainProportionsScale: 0
  m_Children: []
  m_Father: {fileID: 1858069951}
  m_RootOrder: -1
  m_LocalEulerAnglesHint: {x: 0, y: 0, z: 0}
--- !u!114 &1844971070
MonoBehaviour:
  m_ObjectHideFlags: 0
  m_CorrespondingSourceObject: {fileID: 0}
  m_PrefabInstance: {fileID: 0}
  m_PrefabAsset: {fileID: 0}
  m_GameObject: {fileID: 1844971068}
  m_Enabled: 1
  m_EditorHideFlags: 0
  m_Script: {fileID: 11500000, guid: 4d1b1c99615e51b4f9589d01f06a8315, type: 3}
  m_Name: 
  m_EditorClassIdentifier: 
  m_OnAwake:
    m_PersistentCalls:
      m_Calls:
      - m_Target: {fileID: 11400000, guid: 2bb8f10997e0eff4babe7a9cb97786d3, type: 2}
        m_TargetAssemblyTypeName: EmptyEvent, Assembly-CSharp
        m_MethodName: Dispatch
        m_Mode: 1
        m_Arguments:
          m_ObjectArgument: {fileID: 0}
          m_ObjectArgumentAssemblyTypeName: UnityEngine.Object, UnityEngine
          m_IntArgument: 0
          m_FloatArgument: 0
          m_StringArgument: 
          m_BoolArgument: 0
        m_CallState: 2
  m_OnStart:
    m_PersistentCalls:
      m_Calls: []
  m_OnDestroy:
    m_PersistentCalls:
      m_Calls:
      - m_Target: {fileID: 11400000, guid: 6228df97b0b8f58489a1fcbb32ef43ea, type: 2}
        m_TargetAssemblyTypeName: EmptyEvent, Assembly-CSharp
        m_MethodName: Dispatch
        m_Mode: 1
        m_Arguments:
          m_ObjectArgument: {fileID: 0}
          m_ObjectArgumentAssemblyTypeName: UnityEngine.Object, UnityEngine
          m_IntArgument: 0
          m_FloatArgument: 0
          m_StringArgument: 
          m_BoolArgument: 0
        m_CallState: 2
  m_OnDisable:
    m_PersistentCalls:
      m_Calls:
      - m_Target: {fileID: 11400000, guid: 6228df97b0b8f58489a1fcbb32ef43ea, type: 2}
        m_TargetAssemblyTypeName: EmptyEvent, Assembly-CSharp
        m_MethodName: Dispatch
        m_Mode: 1
        m_Arguments:
          m_ObjectArgument: {fileID: 0}
          m_ObjectArgumentAssemblyTypeName: UnityEngine.Object, UnityEngine
          m_IntArgument: 0
          m_FloatArgument: 0
          m_StringArgument: 
          m_BoolArgument: 0
        m_CallState: 2
--- !u!1001 &1850365080
PrefabInstance:
  m_ObjectHideFlags: 0
  serializedVersion: 2
  m_Modification:
    serializedVersion: 2
    m_TransformParent: {fileID: 0}
    m_Modifications:
    - target: {fileID: 3624339071023522661, guid: 15ceacb60dfdca64b9069fff624202ae, type: 3}
      propertyPath: m_Name
      value: Mesh
      objectReference: {fileID: 0}
    - target: {fileID: 4016120005550060104, guid: 15ceacb60dfdca64b9069fff624202ae, type: 3}
      propertyPath: m_RootOrder
      value: 21
      objectReference: {fileID: 0}
    - target: {fileID: 4016120005550060104, guid: 15ceacb60dfdca64b9069fff624202ae, type: 3}
      propertyPath: m_LocalScale.x
      value: 0.05
      objectReference: {fileID: 0}
    - target: {fileID: 4016120005550060104, guid: 15ceacb60dfdca64b9069fff624202ae, type: 3}
      propertyPath: m_LocalScale.y
      value: 0.05
      objectReference: {fileID: 0}
    - target: {fileID: 4016120005550060104, guid: 15ceacb60dfdca64b9069fff624202ae, type: 3}
      propertyPath: m_LocalScale.z
      value: 0.05
      objectReference: {fileID: 0}
    - target: {fileID: 4016120005550060104, guid: 15ceacb60dfdca64b9069fff624202ae, type: 3}
      propertyPath: m_LocalPosition.x
      value: -5.75
      objectReference: {fileID: 0}
    - target: {fileID: 4016120005550060104, guid: 15ceacb60dfdca64b9069fff624202ae, type: 3}
      propertyPath: m_LocalPosition.y
      value: 0
      objectReference: {fileID: 0}
    - target: {fileID: 4016120005550060104, guid: 15ceacb60dfdca64b9069fff624202ae, type: 3}
      propertyPath: m_LocalPosition.z
      value: 0
      objectReference: {fileID: 0}
    - target: {fileID: 4016120005550060104, guid: 15ceacb60dfdca64b9069fff624202ae, type: 3}
      propertyPath: m_LocalRotation.w
      value: 1
      objectReference: {fileID: 0}
    - target: {fileID: 4016120005550060104, guid: 15ceacb60dfdca64b9069fff624202ae, type: 3}
      propertyPath: m_LocalRotation.x
      value: 0
      objectReference: {fileID: 0}
    - target: {fileID: 4016120005550060104, guid: 15ceacb60dfdca64b9069fff624202ae, type: 3}
      propertyPath: m_LocalRotation.y
      value: 0
      objectReference: {fileID: 0}
    - target: {fileID: 4016120005550060104, guid: 15ceacb60dfdca64b9069fff624202ae, type: 3}
      propertyPath: m_LocalRotation.z
      value: 0
      objectReference: {fileID: 0}
    - target: {fileID: 4016120005550060104, guid: 15ceacb60dfdca64b9069fff624202ae, type: 3}
      propertyPath: m_LocalEulerAnglesHint.x
      value: 0
      objectReference: {fileID: 0}
    - target: {fileID: 4016120005550060104, guid: 15ceacb60dfdca64b9069fff624202ae, type: 3}
      propertyPath: m_LocalEulerAnglesHint.y
      value: 0
      objectReference: {fileID: 0}
    - target: {fileID: 4016120005550060104, guid: 15ceacb60dfdca64b9069fff624202ae, type: 3}
      propertyPath: m_LocalEulerAnglesHint.z
      value: 0
      objectReference: {fileID: 0}
    m_RemovedComponents: []
    m_AddedGameObjects: []
  m_SourcePrefab: {fileID: 100100000, guid: 15ceacb60dfdca64b9069fff624202ae, type: 3}
--- !u!1 &1858069948
GameObject:
  m_ObjectHideFlags: 0
  m_CorrespondingSourceObject: {fileID: 0}
  m_PrefabInstance: {fileID: 0}
  m_PrefabAsset: {fileID: 0}
  serializedVersion: 6
  m_Component:
  - component: {fileID: 1858069951}
  m_Layer: 0
  m_Name: AppState
  m_TagString: Untagged
  m_Icon: {fileID: 0}
  m_NavMeshLayer: 0
  m_StaticEditorFlags: 0
  m_IsActive: 1
--- !u!4 &1858069951
Transform:
  m_ObjectHideFlags: 0
  m_CorrespondingSourceObject: {fileID: 0}
  m_PrefabInstance: {fileID: 0}
  m_PrefabAsset: {fileID: 0}
  m_GameObject: {fileID: 1858069948}
  m_LocalRotation: {x: 0, y: 0, z: 0, w: 1}
  m_LocalPosition: {x: 0, y: 0, z: 0}
  m_LocalScale: {x: 1, y: 1, z: 1}
  m_ConstrainProportionsScale: 0
  m_Children:
  - {fileID: 364866689}
  - {fileID: 169157900}
  - {fileID: 1471538110}
  - {fileID: 1844971069}
  m_Father: {fileID: 0}
  m_RootOrder: 14
  m_LocalEulerAnglesHint: {x: 0, y: 0, z: 0}
--- !u!1 &1888420396
GameObject:
  m_ObjectHideFlags: 0
  m_CorrespondingSourceObject: {fileID: 0}
  m_PrefabInstance: {fileID: 0}
  m_PrefabAsset: {fileID: 0}
  serializedVersion: 6
  m_Component:
  - component: {fileID: 1888420398}
  - component: {fileID: 1888420397}
  m_Layer: 0
  m_Name: AnimationBaker
  m_TagString: Untagged
  m_Icon: {fileID: 0}
  m_NavMeshLayer: 0
  m_StaticEditorFlags: 0
  m_IsActive: 0
--- !u!114 &1888420397
MonoBehaviour:
  m_ObjectHideFlags: 0
  m_CorrespondingSourceObject: {fileID: 0}
  m_PrefabInstance: {fileID: 0}
  m_PrefabAsset: {fileID: 0}
  m_GameObject: {fileID: 1888420396}
  m_Enabled: 1
  m_EditorHideFlags: 0
  m_Script: {fileID: 11500000, guid: 965e0a70ece1db549af0e663f5de63aa, type: 3}
  m_Name: 
  m_EditorClassIdentifier: 
  m_settings: {fileID: 11400000, guid: 07c6c7013a00f46538e524abc8627e4a, type: 2}
--- !u!4 &1888420398
Transform:
  m_ObjectHideFlags: 0
  m_CorrespondingSourceObject: {fileID: 0}
  m_PrefabInstance: {fileID: 0}
  m_PrefabAsset: {fileID: 0}
  m_GameObject: {fileID: 1888420396}
  m_LocalRotation: {x: 0, y: 0, z: 0, w: 1}
  m_LocalPosition: {x: 0, y: 0, z: 0}
  m_LocalScale: {x: 1, y: 1, z: 1}
  m_ConstrainProportionsScale: 0
  m_Children: []
  m_Father: {fileID: 0}
  m_RootOrder: 3
  m_LocalEulerAnglesHint: {x: 0, y: 0, z: 0}
--- !u!1001 &2031356557
PrefabInstance:
  m_ObjectHideFlags: 0
  serializedVersion: 2
  m_Modification:
    serializedVersion: 2
    m_TransformParent: {fileID: 0}
    m_Modifications:
    - target: {fileID: 6041533702974735868, guid: a0010ed377d3dd54ba6024a8664a3928, type: 3}
      propertyPath: m_RootOrder
      value: 18
      objectReference: {fileID: 0}
    - target: {fileID: 6041533702974735868, guid: a0010ed377d3dd54ba6024a8664a3928, type: 3}
      propertyPath: m_LocalPosition.x
      value: 5.53
      objectReference: {fileID: 0}
    - target: {fileID: 6041533702974735868, guid: a0010ed377d3dd54ba6024a8664a3928, type: 3}
      propertyPath: m_LocalPosition.y
      value: 0
      objectReference: {fileID: 0}
    - target: {fileID: 6041533702974735868, guid: a0010ed377d3dd54ba6024a8664a3928, type: 3}
      propertyPath: m_LocalPosition.z
      value: 0
      objectReference: {fileID: 0}
    - target: {fileID: 6041533702974735868, guid: a0010ed377d3dd54ba6024a8664a3928, type: 3}
      propertyPath: m_LocalRotation.w
      value: 1
      objectReference: {fileID: 0}
    - target: {fileID: 6041533702974735868, guid: a0010ed377d3dd54ba6024a8664a3928, type: 3}
      propertyPath: m_LocalRotation.x
      value: 0
      objectReference: {fileID: 0}
    - target: {fileID: 6041533702974735868, guid: a0010ed377d3dd54ba6024a8664a3928, type: 3}
      propertyPath: m_LocalRotation.y
      value: 0
      objectReference: {fileID: 0}
    - target: {fileID: 6041533702974735868, guid: a0010ed377d3dd54ba6024a8664a3928, type: 3}
      propertyPath: m_LocalRotation.z
      value: 0
      objectReference: {fileID: 0}
    - target: {fileID: 6041533702974735868, guid: a0010ed377d3dd54ba6024a8664a3928, type: 3}
      propertyPath: m_LocalEulerAnglesHint.x
      value: 0
      objectReference: {fileID: 0}
    - target: {fileID: 6041533702974735868, guid: a0010ed377d3dd54ba6024a8664a3928, type: 3}
      propertyPath: m_LocalEulerAnglesHint.y
      value: 0
      objectReference: {fileID: 0}
    - target: {fileID: 6041533702974735868, guid: a0010ed377d3dd54ba6024a8664a3928, type: 3}
      propertyPath: m_LocalEulerAnglesHint.z
      value: 0
      objectReference: {fileID: 0}
    - target: {fileID: 8724665785720188084, guid: a0010ed377d3dd54ba6024a8664a3928, type: 3}
      propertyPath: m_Name
      value: Slender_low (1)
      objectReference: {fileID: 0}
    m_RemovedComponents: []
    m_AddedGameObjects: []
  m_SourcePrefab: {fileID: 100100000, guid: a0010ed377d3dd54ba6024a8664a3928, type: 3}
--- !u!1 &2090853623
GameObject:
  m_ObjectHideFlags: 0
  m_CorrespondingSourceObject: {fileID: 0}
  m_PrefabInstance: {fileID: 0}
  m_PrefabAsset: {fileID: 0}
  serializedVersion: 6
  m_Component:
  - component: {fileID: 2090853627}
  - component: {fileID: 2090853626}
  - component: {fileID: 2090853625}
  - component: {fileID: 2090853624}
  m_Layer: 0
  m_Name: Cube
  m_TagString: Untagged
  m_Icon: {fileID: 0}
  m_NavMeshLayer: 0
  m_StaticEditorFlags: 0
  m_IsActive: 0
--- !u!65 &2090853624
BoxCollider:
  m_ObjectHideFlags: 0
  m_CorrespondingSourceObject: {fileID: 0}
  m_PrefabInstance: {fileID: 0}
  m_PrefabAsset: {fileID: 0}
  m_GameObject: {fileID: 2090853623}
  m_Material: {fileID: 0}
  m_IsTrigger: 0
  m_Enabled: 1
  serializedVersion: 2
  m_Size: {x: 1, y: 1, z: 1}
  m_Center: {x: 0, y: 0, z: 0}
--- !u!23 &2090853625
MeshRenderer:
  m_ObjectHideFlags: 0
  m_CorrespondingSourceObject: {fileID: 0}
  m_PrefabInstance: {fileID: 0}
  m_PrefabAsset: {fileID: 0}
  m_GameObject: {fileID: 2090853623}
  m_Enabled: 1
  m_CastShadows: 1
  m_ReceiveShadows: 1
  m_DynamicOccludee: 1
  m_StaticShadowCaster: 0
  m_MotionVectors: 1
  m_LightProbeUsage: 1
  m_ReflectionProbeUsage: 1
  m_RayTracingMode: 2
  m_RayTraceProcedural: 0
  m_RenderingLayerMask: 1
  m_RendererPriority: 0
  m_Materials:
  - {fileID: 2100000, guid: 31321ba15b8f8eb4c954353edc038b1d, type: 2}
  m_StaticBatchInfo:
    firstSubMesh: 0
    subMeshCount: 0
  m_StaticBatchRoot: {fileID: 0}
  m_ProbeAnchor: {fileID: 0}
  m_LightProbeVolumeOverride: {fileID: 0}
  m_ScaleInLightmap: 1
  m_ReceiveGI: 1
  m_PreserveUVs: 0
  m_IgnoreNormalsForChartDetection: 0
  m_ImportantGI: 0
  m_StitchLightmapSeams: 1
  m_SelectedEditorRenderState: 3
  m_MinimumChartSize: 4
  m_AutoUVMaxDistance: 0.5
  m_AutoUVMaxAngle: 89
  m_LightmapParameters: {fileID: 0}
  m_SortingLayerID: 0
  m_SortingLayer: 0
  m_SortingOrder: 0
  m_AdditionalVertexStreams: {fileID: 0}
--- !u!33 &2090853626
MeshFilter:
  m_ObjectHideFlags: 0
  m_CorrespondingSourceObject: {fileID: 0}
  m_PrefabInstance: {fileID: 0}
  m_PrefabAsset: {fileID: 0}
  m_GameObject: {fileID: 2090853623}
  m_Mesh: {fileID: 10202, guid: 0000000000000000e000000000000000, type: 0}
--- !u!4 &2090853627
Transform:
  m_ObjectHideFlags: 0
  m_CorrespondingSourceObject: {fileID: 0}
  m_PrefabInstance: {fileID: 0}
  m_PrefabAsset: {fileID: 0}
  m_GameObject: {fileID: 2090853623}
  m_LocalRotation: {x: 0, y: 0, z: 0, w: 1}
  m_LocalPosition: {x: -0.969, y: 1, z: 0}
  m_LocalScale: {x: 1, y: 2, z: 1}
  m_ConstrainProportionsScale: 0
  m_Children: []
  m_Father: {fileID: 0}
  m_RootOrder: 2
  m_LocalEulerAnglesHint: {x: 0, y: 0, z: 0}
--- !u!1001 &203245429452968401
PrefabInstance:
  m_ObjectHideFlags: 0
  serializedVersion: 2
  m_Modification:
    serializedVersion: 2
    m_TransformParent: {fileID: 0}
    m_Modifications:
    - target: {fileID: 1684066383740505230, guid: 199e07eb1e8f70f44bcda8d04933a9e5, type: 3}
      propertyPath: m_Controller
      value: 
      objectReference: {fileID: 9100000, guid: a96f66a8331e0f940abccd10a1be6106, type: 2}
    - target: {fileID: 1684066383749538632, guid: 199e07eb1e8f70f44bcda8d04933a9e5, type: 3}
      propertyPath: m_RootOrder
      value: 12
      objectReference: {fileID: 0}
    - target: {fileID: 1684066383749538632, guid: 199e07eb1e8f70f44bcda8d04933a9e5, type: 3}
      propertyPath: m_LocalPosition.x
      value: 0
      objectReference: {fileID: 0}
    - target: {fileID: 1684066383749538632, guid: 199e07eb1e8f70f44bcda8d04933a9e5, type: 3}
      propertyPath: m_LocalPosition.y
      value: 0
      objectReference: {fileID: 0}
    - target: {fileID: 1684066383749538632, guid: 199e07eb1e8f70f44bcda8d04933a9e5, type: 3}
      propertyPath: m_LocalPosition.z
      value: 0
      objectReference: {fileID: 0}
    - target: {fileID: 1684066383749538632, guid: 199e07eb1e8f70f44bcda8d04933a9e5, type: 3}
      propertyPath: m_LocalRotation.w
      value: 1
      objectReference: {fileID: 0}
    - target: {fileID: 1684066383749538632, guid: 199e07eb1e8f70f44bcda8d04933a9e5, type: 3}
      propertyPath: m_LocalRotation.x
      value: -0
      objectReference: {fileID: 0}
    - target: {fileID: 1684066383749538632, guid: 199e07eb1e8f70f44bcda8d04933a9e5, type: 3}
      propertyPath: m_LocalRotation.y
      value: -0
      objectReference: {fileID: 0}
    - target: {fileID: 1684066383749538632, guid: 199e07eb1e8f70f44bcda8d04933a9e5, type: 3}
      propertyPath: m_LocalRotation.z
      value: -0
      objectReference: {fileID: 0}
    - target: {fileID: 1684066383749538632, guid: 199e07eb1e8f70f44bcda8d04933a9e5, type: 3}
      propertyPath: m_LocalEulerAnglesHint.x
      value: 0
      objectReference: {fileID: 0}
    - target: {fileID: 1684066383749538632, guid: 199e07eb1e8f70f44bcda8d04933a9e5, type: 3}
      propertyPath: m_LocalEulerAnglesHint.y
      value: 0
      objectReference: {fileID: 0}
    - target: {fileID: 1684066383749538632, guid: 199e07eb1e8f70f44bcda8d04933a9e5, type: 3}
      propertyPath: m_LocalEulerAnglesHint.z
      value: 0
      objectReference: {fileID: 0}
    - target: {fileID: 1684066383749906216, guid: 199e07eb1e8f70f44bcda8d04933a9e5, type: 3}
      propertyPath: m_Name
      value: Golem
      objectReference: {fileID: 0}
    - target: {fileID: 1684066383749906216, guid: 199e07eb1e8f70f44bcda8d04933a9e5, type: 3}
      propertyPath: m_IsActive
      value: 0
      objectReference: {fileID: 0}
    m_RemovedComponents: []
    m_AddedGameObjects: []
  m_SourcePrefab: {fileID: 100100000, guid: 199e07eb1e8f70f44bcda8d04933a9e5, type: 3}
--- !u!1001 &2866631798315773038
PrefabInstance:
  m_ObjectHideFlags: 0
  serializedVersion: 2
  m_Modification:
    serializedVersion: 2
    m_TransformParent: {fileID: 0}
    m_Modifications:
    - target: {fileID: 2324678826783111764, guid: 2d2812e6d5f0854499c214757d9a8aac, type: 3}
      propertyPath: m_RootOrder
      value: 6
      objectReference: {fileID: 0}
    - target: {fileID: 2324678826783111764, guid: 2d2812e6d5f0854499c214757d9a8aac, type: 3}
      propertyPath: m_LocalPosition.x
      value: 0
      objectReference: {fileID: 0}
    - target: {fileID: 2324678826783111764, guid: 2d2812e6d5f0854499c214757d9a8aac, type: 3}
      propertyPath: m_LocalPosition.y
      value: 0
      objectReference: {fileID: 0}
    - target: {fileID: 2324678826783111764, guid: 2d2812e6d5f0854499c214757d9a8aac, type: 3}
      propertyPath: m_LocalPosition.z
      value: 0
      objectReference: {fileID: 0}
    - target: {fileID: 2324678826783111764, guid: 2d2812e6d5f0854499c214757d9a8aac, type: 3}
      propertyPath: m_LocalRotation.w
      value: 1
      objectReference: {fileID: 0}
    - target: {fileID: 2324678826783111764, guid: 2d2812e6d5f0854499c214757d9a8aac, type: 3}
      propertyPath: m_LocalRotation.x
      value: 0
      objectReference: {fileID: 0}
    - target: {fileID: 2324678826783111764, guid: 2d2812e6d5f0854499c214757d9a8aac, type: 3}
      propertyPath: m_LocalRotation.y
      value: 0
      objectReference: {fileID: 0}
    - target: {fileID: 2324678826783111764, guid: 2d2812e6d5f0854499c214757d9a8aac, type: 3}
      propertyPath: m_LocalRotation.z
      value: 0
      objectReference: {fileID: 0}
    - target: {fileID: 2324678826783111764, guid: 2d2812e6d5f0854499c214757d9a8aac, type: 3}
      propertyPath: m_LocalEulerAnglesHint.x
      value: 0
      objectReference: {fileID: 0}
    - target: {fileID: 2324678826783111764, guid: 2d2812e6d5f0854499c214757d9a8aac, type: 3}
      propertyPath: m_LocalEulerAnglesHint.y
      value: 0
      objectReference: {fileID: 0}
    - target: {fileID: 2324678826783111764, guid: 2d2812e6d5f0854499c214757d9a8aac, type: 3}
      propertyPath: m_LocalEulerAnglesHint.z
      value: 0
      objectReference: {fileID: 0}
    - target: {fileID: 3101075510448824558, guid: 2d2812e6d5f0854499c214757d9a8aac, type: 3}
      propertyPath: m_Name
      value: Slender_low
      objectReference: {fileID: 0}
    - target: {fileID: 3101075510448824558, guid: 2d2812e6d5f0854499c214757d9a8aac, type: 3}
      propertyPath: m_IsActive
      value: 0
      objectReference: {fileID: 0}
    m_RemovedComponents: []
    m_AddedGameObjects: []
  m_SourcePrefab: {fileID: 100100000, guid: 2d2812e6d5f0854499c214757d9a8aac, type: 3}
--- !u!1001 &3414421865282971576
PrefabInstance:
  m_ObjectHideFlags: 0
  serializedVersion: 2
  m_Modification:
    serializedVersion: 2
    m_TransformParent: {fileID: 0}
    m_Modifications:
    - target: {fileID: 2266394665170791599, guid: 129785299901d024292b26808ce1db46, type: 3}
      propertyPath: m_Name
      value: Monster_X_Black
      objectReference: {fileID: 0}
    - target: {fileID: 2266394665170791599, guid: 129785299901d024292b26808ce1db46, type: 3}
      propertyPath: m_IsActive
      value: 0
      objectReference: {fileID: 0}
    - target: {fileID: 2266394665171284169, guid: 129785299901d024292b26808ce1db46, type: 3}
      propertyPath: m_RootOrder
      value: 9
      objectReference: {fileID: 0}
    - target: {fileID: 2266394665171284169, guid: 129785299901d024292b26808ce1db46, type: 3}
      propertyPath: m_LocalPosition.x
      value: 0
      objectReference: {fileID: 0}
    - target: {fileID: 2266394665171284169, guid: 129785299901d024292b26808ce1db46, type: 3}
      propertyPath: m_LocalPosition.y
      value: 0
      objectReference: {fileID: 0}
    - target: {fileID: 2266394665171284169, guid: 129785299901d024292b26808ce1db46, type: 3}
      propertyPath: m_LocalPosition.z
      value: 0
      objectReference: {fileID: 0}
    - target: {fileID: 2266394665171284169, guid: 129785299901d024292b26808ce1db46, type: 3}
      propertyPath: m_LocalRotation.w
      value: 1
      objectReference: {fileID: 0}
    - target: {fileID: 2266394665171284169, guid: 129785299901d024292b26808ce1db46, type: 3}
      propertyPath: m_LocalRotation.x
      value: 0
      objectReference: {fileID: 0}
    - target: {fileID: 2266394665171284169, guid: 129785299901d024292b26808ce1db46, type: 3}
      propertyPath: m_LocalRotation.y
      value: 0
      objectReference: {fileID: 0}
    - target: {fileID: 2266394665171284169, guid: 129785299901d024292b26808ce1db46, type: 3}
      propertyPath: m_LocalRotation.z
      value: 0
      objectReference: {fileID: 0}
    - target: {fileID: 2266394665171284169, guid: 129785299901d024292b26808ce1db46, type: 3}
      propertyPath: m_LocalEulerAnglesHint.x
      value: 0
      objectReference: {fileID: 0}
    - target: {fileID: 2266394665171284169, guid: 129785299901d024292b26808ce1db46, type: 3}
      propertyPath: m_LocalEulerAnglesHint.y
      value: 0
      objectReference: {fileID: 0}
    - target: {fileID: 2266394665171284169, guid: 129785299901d024292b26808ce1db46, type: 3}
      propertyPath: m_LocalEulerAnglesHint.z
      value: 0
      objectReference: {fileID: 0}
    m_RemovedComponents: []
    m_AddedGameObjects: []
  m_SourcePrefab: {fileID: 100100000, guid: 129785299901d024292b26808ce1db46, type: 3}
--- !u!1001 &4243685999597015673
PrefabInstance:
  m_ObjectHideFlags: 0
  serializedVersion: 2
  m_Modification:
    serializedVersion: 2
    m_TransformParent: {fileID: 0}
    m_Modifications:
    - target: {fileID: 3263081539607802006, guid: 6f48112aeb4037046bdf8ef85f10837d, type: 3}
      propertyPath: m_Controller
      value: 
      objectReference: {fileID: 9100000, guid: 838682727102a694e9910f909c8debf5, type: 2}
    - target: {fileID: 4685142040652110491, guid: 6f48112aeb4037046bdf8ef85f10837d, type: 3}
      propertyPath: m_RootOrder
      value: 11
      objectReference: {fileID: 0}
    - target: {fileID: 4685142040652110491, guid: 6f48112aeb4037046bdf8ef85f10837d, type: 3}
      propertyPath: m_LocalPosition.x
      value: 0
      objectReference: {fileID: 0}
    - target: {fileID: 4685142040652110491, guid: 6f48112aeb4037046bdf8ef85f10837d, type: 3}
      propertyPath: m_LocalPosition.y
      value: 0
      objectReference: {fileID: 0}
    - target: {fileID: 4685142040652110491, guid: 6f48112aeb4037046bdf8ef85f10837d, type: 3}
      propertyPath: m_LocalPosition.z
      value: 0
      objectReference: {fileID: 0}
    - target: {fileID: 4685142040652110491, guid: 6f48112aeb4037046bdf8ef85f10837d, type: 3}
      propertyPath: m_LocalRotation.w
      value: 1
      objectReference: {fileID: 0}
    - target: {fileID: 4685142040652110491, guid: 6f48112aeb4037046bdf8ef85f10837d, type: 3}
      propertyPath: m_LocalRotation.x
      value: 0
      objectReference: {fileID: 0}
    - target: {fileID: 4685142040652110491, guid: 6f48112aeb4037046bdf8ef85f10837d, type: 3}
      propertyPath: m_LocalRotation.y
      value: 0
      objectReference: {fileID: 0}
    - target: {fileID: 4685142040652110491, guid: 6f48112aeb4037046bdf8ef85f10837d, type: 3}
      propertyPath: m_LocalRotation.z
      value: 0
      objectReference: {fileID: 0}
    - target: {fileID: 4685142040652110491, guid: 6f48112aeb4037046bdf8ef85f10837d, type: 3}
      propertyPath: m_LocalEulerAnglesHint.x
      value: 0
      objectReference: {fileID: 0}
    - target: {fileID: 4685142040652110491, guid: 6f48112aeb4037046bdf8ef85f10837d, type: 3}
      propertyPath: m_LocalEulerAnglesHint.y
      value: 0
      objectReference: {fileID: 0}
    - target: {fileID: 4685142040652110491, guid: 6f48112aeb4037046bdf8ef85f10837d, type: 3}
      propertyPath: m_LocalEulerAnglesHint.z
      value: 0
      objectReference: {fileID: 0}
    - target: {fileID: 7622149939068855107, guid: 6f48112aeb4037046bdf8ef85f10837d, type: 3}
      propertyPath: m_Name
      value: monster_orc
      objectReference: {fileID: 0}
    - target: {fileID: 7622149939068855107, guid: 6f48112aeb4037046bdf8ef85f10837d, type: 3}
      propertyPath: m_IsActive
      value: 0
      objectReference: {fileID: 0}
    m_RemovedComponents: []
    m_AddedGameObjects: []
  m_SourcePrefab: {fileID: 100100000, guid: 6f48112aeb4037046bdf8ef85f10837d, type: 3}
--- !u!1001 &5704066591599532316
PrefabInstance:
  m_ObjectHideFlags: 0
  serializedVersion: 2
  m_Modification:
    serializedVersion: 2
    m_TransformParent: {fileID: 0}
    m_Modifications:
    - target: {fileID: 5704066591144619353, guid: 24dc105602d59b943a3040b06aac2f8f, type: 3}
      propertyPath: m_RootOrder
      value: 7
      objectReference: {fileID: 0}
    - target: {fileID: 5704066591144619353, guid: 24dc105602d59b943a3040b06aac2f8f, type: 3}
      propertyPath: m_LocalPosition.x
      value: 0
      objectReference: {fileID: 0}
    - target: {fileID: 5704066591144619353, guid: 24dc105602d59b943a3040b06aac2f8f, type: 3}
      propertyPath: m_LocalPosition.y
      value: 0
      objectReference: {fileID: 0}
    - target: {fileID: 5704066591144619353, guid: 24dc105602d59b943a3040b06aac2f8f, type: 3}
      propertyPath: m_LocalPosition.z
      value: 0
      objectReference: {fileID: 0}
    - target: {fileID: 5704066591144619353, guid: 24dc105602d59b943a3040b06aac2f8f, type: 3}
      propertyPath: m_LocalRotation.w
      value: 1
      objectReference: {fileID: 0}
    - target: {fileID: 5704066591144619353, guid: 24dc105602d59b943a3040b06aac2f8f, type: 3}
      propertyPath: m_LocalRotation.x
      value: 0
      objectReference: {fileID: 0}
    - target: {fileID: 5704066591144619353, guid: 24dc105602d59b943a3040b06aac2f8f, type: 3}
      propertyPath: m_LocalRotation.y
      value: 0
      objectReference: {fileID: 0}
    - target: {fileID: 5704066591144619353, guid: 24dc105602d59b943a3040b06aac2f8f, type: 3}
      propertyPath: m_LocalRotation.z
      value: 0
      objectReference: {fileID: 0}
    - target: {fileID: 5704066591144619353, guid: 24dc105602d59b943a3040b06aac2f8f, type: 3}
      propertyPath: m_LocalEulerAnglesHint.x
      value: 0
      objectReference: {fileID: 0}
    - target: {fileID: 5704066591144619353, guid: 24dc105602d59b943a3040b06aac2f8f, type: 3}
      propertyPath: m_LocalEulerAnglesHint.y
      value: 0
      objectReference: {fileID: 0}
    - target: {fileID: 5704066591144619353, guid: 24dc105602d59b943a3040b06aac2f8f, type: 3}
      propertyPath: m_LocalEulerAnglesHint.z
      value: 0
      objectReference: {fileID: 0}
    - target: {fileID: 5704066591144980857, guid: 24dc105602d59b943a3040b06aac2f8f, type: 3}
      propertyPath: m_Name
      value: GhoulZombie
      objectReference: {fileID: 0}
    - target: {fileID: 5704066591144980857, guid: 24dc105602d59b943a3040b06aac2f8f, type: 3}
      propertyPath: m_IsActive
      value: 0
      objectReference: {fileID: 0}
    m_RemovedComponents: []
    m_AddedGameObjects: []
  m_SourcePrefab: {fileID: 100100000, guid: 24dc105602d59b943a3040b06aac2f8f, type: 3}
--- !u!1001 &7135555637540160314
PrefabInstance:
  m_ObjectHideFlags: 0
  serializedVersion: 2
  m_Modification:
    serializedVersion: 2
    m_TransformParent: {fileID: 0}
    m_Modifications:
    - target: {fileID: 666375902363097321, guid: 1d94a1276a1c5c147961b8b00666b936, type: 3}
      propertyPath: m_Name
      value: goblin_01
      objectReference: {fileID: 0}
    - target: {fileID: 666375902363097321, guid: 1d94a1276a1c5c147961b8b00666b936, type: 3}
      propertyPath: m_IsActive
      value: 0
      objectReference: {fileID: 0}
    - target: {fileID: 666375902363315977, guid: 1d94a1276a1c5c147961b8b00666b936, type: 3}
      propertyPath: m_RootOrder
      value: 10
      objectReference: {fileID: 0}
    - target: {fileID: 666375902363315977, guid: 1d94a1276a1c5c147961b8b00666b936, type: 3}
      propertyPath: m_LocalPosition.x
      value: 0
      objectReference: {fileID: 0}
    - target: {fileID: 666375902363315977, guid: 1d94a1276a1c5c147961b8b00666b936, type: 3}
      propertyPath: m_LocalPosition.y
      value: 0
      objectReference: {fileID: 0}
    - target: {fileID: 666375902363315977, guid: 1d94a1276a1c5c147961b8b00666b936, type: 3}
      propertyPath: m_LocalPosition.z
      value: 0
      objectReference: {fileID: 0}
    - target: {fileID: 666375902363315977, guid: 1d94a1276a1c5c147961b8b00666b936, type: 3}
      propertyPath: m_LocalRotation.w
      value: 1
      objectReference: {fileID: 0}
    - target: {fileID: 666375902363315977, guid: 1d94a1276a1c5c147961b8b00666b936, type: 3}
      propertyPath: m_LocalRotation.x
      value: 0
      objectReference: {fileID: 0}
    - target: {fileID: 666375902363315977, guid: 1d94a1276a1c5c147961b8b00666b936, type: 3}
      propertyPath: m_LocalRotation.y
      value: 0
      objectReference: {fileID: 0}
    - target: {fileID: 666375902363315977, guid: 1d94a1276a1c5c147961b8b00666b936, type: 3}
      propertyPath: m_LocalRotation.z
      value: 0
      objectReference: {fileID: 0}
    - target: {fileID: 666375902363315977, guid: 1d94a1276a1c5c147961b8b00666b936, type: 3}
      propertyPath: m_LocalEulerAnglesHint.x
      value: 0
      objectReference: {fileID: 0}
    - target: {fileID: 666375902363315977, guid: 1d94a1276a1c5c147961b8b00666b936, type: 3}
      propertyPath: m_LocalEulerAnglesHint.y
      value: 0
      objectReference: {fileID: 0}
    - target: {fileID: 666375902363315977, guid: 1d94a1276a1c5c147961b8b00666b936, type: 3}
      propertyPath: m_LocalEulerAnglesHint.z
      value: 0
      objectReference: {fileID: 0}
    m_RemovedComponents: []
    m_AddedGameObjects: []
  m_SourcePrefab: {fileID: 100100000, guid: 1d94a1276a1c5c147961b8b00666b936, type: 3}
--- !u!1001 &7445561481019482266
PrefabInstance:
  m_ObjectHideFlags: 0
  serializedVersion: 2
  m_Modification:
    serializedVersion: 2
    m_TransformParent: {fileID: 0}
    m_Modifications:
    - target: {fileID: 5838134377635335107, guid: ca5462f4a6e307a4a9b08ec7a3ac7ac1, type: 3}
      propertyPath: m_IsActive
      value: 0
      objectReference: {fileID: 0}
    - target: {fileID: 6978692431039987956, guid: ca5462f4a6e307a4a9b08ec7a3ac7ac1, type: 3}
      propertyPath: m_RootOrder
      value: 5
      objectReference: {fileID: 0}
    - target: {fileID: 6978692431039987956, guid: ca5462f4a6e307a4a9b08ec7a3ac7ac1, type: 3}
      propertyPath: m_LocalPosition.x
      value: 0
      objectReference: {fileID: 0}
    - target: {fileID: 6978692431039987956, guid: ca5462f4a6e307a4a9b08ec7a3ac7ac1, type: 3}
      propertyPath: m_LocalPosition.y
      value: 0
      objectReference: {fileID: 0}
    - target: {fileID: 6978692431039987956, guid: ca5462f4a6e307a4a9b08ec7a3ac7ac1, type: 3}
      propertyPath: m_LocalPosition.z
      value: 0
      objectReference: {fileID: 0}
    - target: {fileID: 6978692431039987956, guid: ca5462f4a6e307a4a9b08ec7a3ac7ac1, type: 3}
      propertyPath: m_LocalRotation.w
      value: 1
      objectReference: {fileID: 0}
    - target: {fileID: 6978692431039987956, guid: ca5462f4a6e307a4a9b08ec7a3ac7ac1, type: 3}
      propertyPath: m_LocalRotation.x
      value: 0
      objectReference: {fileID: 0}
    - target: {fileID: 6978692431039987956, guid: ca5462f4a6e307a4a9b08ec7a3ac7ac1, type: 3}
      propertyPath: m_LocalRotation.y
      value: 0
      objectReference: {fileID: 0}
    - target: {fileID: 6978692431039987956, guid: ca5462f4a6e307a4a9b08ec7a3ac7ac1, type: 3}
      propertyPath: m_LocalRotation.z
      value: 0
      objectReference: {fileID: 0}
    - target: {fileID: 6978692431039987956, guid: ca5462f4a6e307a4a9b08ec7a3ac7ac1, type: 3}
      propertyPath: m_LocalEulerAnglesHint.x
      value: 0
      objectReference: {fileID: 0}
    - target: {fileID: 6978692431039987956, guid: ca5462f4a6e307a4a9b08ec7a3ac7ac1, type: 3}
      propertyPath: m_LocalEulerAnglesHint.y
      value: 0
      objectReference: {fileID: 0}
    - target: {fileID: 6978692431039987956, guid: ca5462f4a6e307a4a9b08ec7a3ac7ac1, type: 3}
      propertyPath: m_LocalEulerAnglesHint.z
      value: 0
      objectReference: {fileID: 0}
    - target: {fileID: 7751428771288767054, guid: ca5462f4a6e307a4a9b08ec7a3ac7ac1, type: 3}
      propertyPath: m_Name
      value: EarthGolem_low
      objectReference: {fileID: 0}
    - target: {fileID: 7751428771288767054, guid: ca5462f4a6e307a4a9b08ec7a3ac7ac1, type: 3}
      propertyPath: m_IsActive
      value: 0
      objectReference: {fileID: 0}
    m_RemovedComponents: []
    m_AddedGameObjects: []
  m_SourcePrefab: {fileID: 100100000, guid: ca5462f4a6e307a4a9b08ec7a3ac7ac1, type: 3}
--- !u!1001 &8316220100160476797
PrefabInstance:
  m_ObjectHideFlags: 0
  serializedVersion: 2
  m_Modification:
    serializedVersion: 2
    m_TransformParent: {fileID: 0}
    m_Modifications:
    - target: {fileID: 3008992756317578225, guid: f379deb57742f724da646eb79254cb63, type: 3}
      propertyPath: m_Name
      value: HorrorCreature
      objectReference: {fileID: 0}
    - target: {fileID: 3008992756317969703, guid: f379deb57742f724da646eb79254cb63, type: 3}
      propertyPath: m_RootOrder
      value: 13
      objectReference: {fileID: 0}
    - target: {fileID: 3008992756317969703, guid: f379deb57742f724da646eb79254cb63, type: 3}
      propertyPath: m_LocalPosition.x
      value: 0
      objectReference: {fileID: 0}
    - target: {fileID: 3008992756317969703, guid: f379deb57742f724da646eb79254cb63, type: 3}
      propertyPath: m_LocalPosition.y
      value: 0
      objectReference: {fileID: 0}
    - target: {fileID: 3008992756317969703, guid: f379deb57742f724da646eb79254cb63, type: 3}
      propertyPath: m_LocalPosition.z
      value: 0
      objectReference: {fileID: 0}
    - target: {fileID: 3008992756317969703, guid: f379deb57742f724da646eb79254cb63, type: 3}
      propertyPath: m_LocalRotation.w
      value: -0.00000016292068
      objectReference: {fileID: 0}
    - target: {fileID: 3008992756317969703, guid: f379deb57742f724da646eb79254cb63, type: 3}
      propertyPath: m_LocalRotation.x
      value: 0
      objectReference: {fileID: 0}
    - target: {fileID: 3008992756317969703, guid: f379deb57742f724da646eb79254cb63, type: 3}
      propertyPath: m_LocalRotation.y
      value: 1
      objectReference: {fileID: 0}
    - target: {fileID: 3008992756317969703, guid: f379deb57742f724da646eb79254cb63, type: 3}
      propertyPath: m_LocalRotation.z
      value: 0
      objectReference: {fileID: 0}
    - target: {fileID: 3008992756317969703, guid: f379deb57742f724da646eb79254cb63, type: 3}
      propertyPath: m_LocalEulerAnglesHint.x
      value: 0
      objectReference: {fileID: 0}
    - target: {fileID: 3008992756317969703, guid: f379deb57742f724da646eb79254cb63, type: 3}
      propertyPath: m_LocalEulerAnglesHint.y
      value: 0
      objectReference: {fileID: 0}
    - target: {fileID: 3008992756317969703, guid: f379deb57742f724da646eb79254cb63, type: 3}
      propertyPath: m_LocalEulerAnglesHint.z
      value: 0
      objectReference: {fileID: 0}
    m_RemovedComponents: []
    m_AddedGameObjects: []
  m_SourcePrefab: {fileID: 100100000, guid: f379deb57742f724da646eb79254cb63, type: 3}
--- !u!1001 &8909300448005563890
PrefabInstance:
  m_ObjectHideFlags: 0
  serializedVersion: 2
  m_Modification:
    serializedVersion: 2
    m_TransformParent: {fileID: 0}
    m_Modifications:
    - target: {fileID: 8910297149768839447, guid: 444587fc04a4bde4898925041bd228a2, type: 3}
      propertyPath: m_Name
      value: Character_Monster
      objectReference: {fileID: 0}
    - target: {fileID: 8910297149768839447, guid: 444587fc04a4bde4898925041bd228a2, type: 3}
      propertyPath: m_IsActive
      value: 0
      objectReference: {fileID: 0}
    - target: {fileID: 8910939695712801815, guid: 444587fc04a4bde4898925041bd228a2, type: 3}
      propertyPath: m_RootOrder
      value: 8
      objectReference: {fileID: 0}
    - target: {fileID: 8910939695712801815, guid: 444587fc04a4bde4898925041bd228a2, type: 3}
      propertyPath: m_LocalScale.x
      value: 1.3
      objectReference: {fileID: 0}
    - target: {fileID: 8910939695712801815, guid: 444587fc04a4bde4898925041bd228a2, type: 3}
      propertyPath: m_LocalScale.y
      value: 1.3
      objectReference: {fileID: 0}
    - target: {fileID: 8910939695712801815, guid: 444587fc04a4bde4898925041bd228a2, type: 3}
      propertyPath: m_LocalScale.z
      value: 1.3
      objectReference: {fileID: 0}
    - target: {fileID: 8910939695712801815, guid: 444587fc04a4bde4898925041bd228a2, type: 3}
      propertyPath: m_LocalPosition.x
      value: 0
      objectReference: {fileID: 0}
    - target: {fileID: 8910939695712801815, guid: 444587fc04a4bde4898925041bd228a2, type: 3}
      propertyPath: m_LocalPosition.y
      value: 0
      objectReference: {fileID: 0}
    - target: {fileID: 8910939695712801815, guid: 444587fc04a4bde4898925041bd228a2, type: 3}
      propertyPath: m_LocalPosition.z
      value: 0
      objectReference: {fileID: 0}
    - target: {fileID: 8910939695712801815, guid: 444587fc04a4bde4898925041bd228a2, type: 3}
      propertyPath: m_LocalRotation.w
      value: 1
      objectReference: {fileID: 0}
    - target: {fileID: 8910939695712801815, guid: 444587fc04a4bde4898925041bd228a2, type: 3}
      propertyPath: m_LocalRotation.x
      value: 0
      objectReference: {fileID: 0}
    - target: {fileID: 8910939695712801815, guid: 444587fc04a4bde4898925041bd228a2, type: 3}
      propertyPath: m_LocalRotation.y
      value: 0
      objectReference: {fileID: 0}
    - target: {fileID: 8910939695712801815, guid: 444587fc04a4bde4898925041bd228a2, type: 3}
      propertyPath: m_LocalRotation.z
      value: 0
      objectReference: {fileID: 0}
    - target: {fileID: 8910939695712801815, guid: 444587fc04a4bde4898925041bd228a2, type: 3}
      propertyPath: m_LocalEulerAnglesHint.x
      value: 0
      objectReference: {fileID: 0}
    - target: {fileID: 8910939695712801815, guid: 444587fc04a4bde4898925041bd228a2, type: 3}
      propertyPath: m_LocalEulerAnglesHint.y
      value: 0
      objectReference: {fileID: 0}
    - target: {fileID: 8910939695712801815, guid: 444587fc04a4bde4898925041bd228a2, type: 3}
      propertyPath: m_LocalEulerAnglesHint.z
      value: 0
      objectReference: {fileID: 0}
    m_RemovedComponents: []
    m_AddedGameObjects: []
  m_SourcePrefab: {fileID: 100100000, guid: 444587fc04a4bde4898925041bd228a2, type: 3}
